3322 5512
919 342 975 410 100

207 595 213 610 .
305 556 431 610 aureos
446 531 592 632 ¹prolata
617 530 758 610 sinistra
779 533 910 633 pariter
933 560 1010 610 cum
1031 535 1137 633 vulgo
1156 559 1240 611 voce
1256 531 1445 633 digitisque
1465 559 1587 612 nume·

304 671 415 753 raret,
449 685 490 734 ac
524 684 631 758 saepe
664 661 834 735 hortando
868 662 1094 757 rogandoque
1119 663 1166 735 ad
1191 663 1402 736 hilaritatem
1427 663 1588 737 homines

303 796 526 883 provocaret,
564 786 723 860 dominos
756 786 945 861 identidem
981 788 1184 884 appellans,
1219 789 1386 862 immixtis
1410 789 1587 863 interdum

302 910 440 1007 frigidis
475 920 510 984 et
543 911 721 985 arcessitis
746 911 848 1007 iocis,
884 911 1000 1007 qualis
1025 923 1079 986 est
1105 922 1142 986 ut
1168 937 1246 987 cum
1272 913 1481 987 Palumbum
1506 937 1587 1010 pos-

302 1036 495 1139 tulantibus
529 1035 693 1109 daturum
727 1059 765 1109 se
799 1036 975 1132 promisit,
1010 1037 1040 1109 si
1067 1047 1190 1133 captus
1216 1046 1318 1111 esset
1358 1038 1454 1111 illud
1479 1039 1587 1135 plane

301 1160 526 1255 quantumvis
551 1159 737 1234 salubriter
762 1169 797 1233 et
822 1160 856 1232 in
883 1170 1055 1258 tempore:
1090 1185 1168 1236 cum
1195 1162 1392 1255 essedario,
1426 1186 1586 1259 proquo

302 1294 465 1380 quattuor
490 1285 551 1358 filii
578 1285 874 1381 deprecabantur,
900 1309 1029 1381 magno
1055 1287 1208 1360 omnium
1235 1290 1357 1361 favore
1377 1287 1586 1363 indulsisset

301 1409 441 1502 rudem,
475 1410 633 1483 tabulam
658 1410 737 1484 ilico
763 1409 857 1484 misit
881 1411 1074 1484 admonens
1099 1412 1286 1508 populum,
1322 1421 1452 1508 quanto
1478 1435 1585 1510 opere

300 1534 430 1608 liberos
464 1535 642 1631 suscipere
669 1536 831 1628 deberet,
862 1558 951 1631 quos
977 1535 1113 1610 videret
1138 1546 1172 1610 et
1197 1536 1382 1632 gladiatori
1408 1539 1584 1635 praesidio

300 1658 504 1753 gratiaeque
542 1682 630 1732 esse.
670 1659 792 1734 Edidit
828 1670 863 1734 et
895 1660 929 1733 in
967 1661 1095 1734 Martio
1129 1684 1251 1757 campo
1286 1663 1611 1758 expugnationem¹

301 1781 594 1879 direptionemque
633 1784 749 1880 oppidi
790 1786 837 1858 ad
874 1785 1060 1880 imaginem
1104 1785 1265 1859 bellicam
1303 1795 1338 1859 et
1371 1786 1583 1861 deditionem

299 1907 502 1982 Britanniae
531 1932 673 2005 regum,
705 1910 950 2018 praeseditque
976 1910 1173 2006 paludatus.
1208 1909 1303 1999 Quin
1328 1921 1363 1985 et
1388 1912 1583 1987 emissurus

298 2154 418 2204 monium
441 2159 527 2204 exstet
544 2156 612 2218 apud
631 2155 741 2206 Martial.
760 2156 804 2206 lib.
823 2145 908 2220 Spect.
962 2170 1047 2220 quens
1070 2162 1114 2218 ut,
1137 2156 1293 2206 incuriosior
1317 2157 1343 2207 h.
1361 2158 1377 2206 l.
1396 2157 1449 2206 fuit
1469 2159 1580 2222 scripto-

297 2237 344 2302 29,
360 2237 390 2287 ὃς
408 2239 480 2301 quod
493 2240 580 2302 licuit,
594 2241 683 2290 lances
694 2241 819 2304 donaque
830 2256 910 2303 saepe
962 2241 998 2290 ris
1014 2236 1108 2290 stilus‘’
1126 2240 1439 2305 Baumgarten-Grnsius.

296 2324 373 2373 dedit
388 2322 520 2386 (Caesar).
996 2325 1154 2374 Palumbas.
1187 2326 1258 2375 ludit
1285 2325 1413 2375 Claudius
1437 2341 1482 2390 ec,
1509 2329 1581 2390 quod

327 2409 438 2470 prolata
460 2410 668 2459 sinistra—noce
691 2411 840 2474 digitisque
856 2425 908 2460 nrt·
963 2410 1114 2459 Palumbus
1131 2416 1159 2458 et
1176 2426 1274 2460 nomen
1291 2411 1446 2474 gladiatoris
1464 2416 1522 2460 erat
1538 2409 1583 2473 (nt

296 2493 426 2542 armabat.
445 2493 612 2556 vituperatur
628 2493 768 2559 Claudius,
786 2496 856 2558 quod
878 2499 909 2543 nt
963 2493 990 2543 C.
1008 2495 1027 2543 l.
1046 2494 1072 2543 L.
1100 2495 1136 2543 lll
1162 2493 1236 2543 5111.
1263 2493 1330 2543 5835
1356 2493 1395 2558 a),
1428 2500 1455 2544 et
1480 2511 1581 2545 nornen

296 2579 392 2641 vulgus
423 2579 509 2627 lacere
535 2579 649 2642 solebat,
680 2579 769 2642 digitis
794 2585 822 2629 et
847 2594 908 2628 voce
961 2579 1058 2641 speciei
1075 2580 1267 2629 columbarum.

296 2663 461 2712 numerabat.
486 2678 559 2720 voce,
585 2678 648 2712 narn
666 2665 746 2713 simul
764 2679 907 2713 numerum
992 2665 1083 2726 plane.
1101 2665 1198 2727 accipio
1210 2664 1403 2728 significatione
1415 2666 1579 2730 concessiva,

296 2748 423 2796 memoria
441 2748 577 2798 notabant.
596 2748 723 2798 sinistrae
740 2754 831 2798 autem
850 2763 907 2798 ma·
961 2764 1043 2812 quern
1073 2749 1154 2798 habet
1178 2749 1237 2798 Tac.
1262 2749 1331 2798 dnn.
1358 2749 1394 2798 lll
1420 2746 1467 2797 34:
1501 2749 1581 2799 Bella

294 2846 345 2880 nus
355 2832 445 2896 digitis
457 2848 542 2896 nsque
555 2833 587 2882 ad
600 2839 709 2882 centnm
717 2834 908 2896 computabant
958 2835 1042 2895 plane
1058 2835 1185 2884 accinctis
1202 2834 1334 2883 obeunda.
1357 2833 1418 2882 XllI
1436 2831 1466 2881 6:
1490 2834 1579 2883 Datu-

294 2914 333 2977 (et
349 2917 411 2966 inde
428 2932 444 2966 a
461 2917 552 2967 decern
570 2918 678 2968 milibus
696 2934 782 2982 usqne
798 2919 831 2968 ad
844 2935 906 2969 cen·
960 2934 1024 2968 rum
1036 2920 1121 2982 plane
1132 2920 1332 2968 documentum.
1345 2915 1390 2966 50:
1412 2918 1579 2982 Temperan-

294 3005 353 3050 tum
377 3001 475 3065 milia),
501 3003 534 3052 cf.
560 3004 643 3065 Beda,
669 3006 700 3052 de
724 3010 847 3067 computo
865 3007 907 3054 vel
959 3003 1009 3052 das
1028 3003 1111 3066 piane
1127 3003 1339 3066 publicanorum
1355 3003 1506 3065 cupidines.
1534 3002 1579 3054 Cic

294 3086 400 3149 loquela
423 3088 565 3150 digitorum
589 3085 640 3149 (ed.
665 3088 743 3152 Sitti,
766 3087 905 3139 Gebarden
960 3089 993 3136 ad
1010 3088 1082 3137 Fam.
1101 3088 1135 3137 Vl
1152 3087 1199 3151 il,
1216 3086 1246 3135 t:
1271 3102 1334 3151 ego,
1351 3101 1433 3150 quem
1449 3089 1578 3138 -timi-

293 3185 317 3232 p.
335 3170 385 3220 256
408 3171 478 3234 sqq.)
496 3187 517 3221 c.
535 3171 558 3221 3.
577 3173 600 3223 l.
619 3172 642 3222 6.
667 3172 906 3237 Macrcb.19,10
959 3173 1027 3221 dum
1059 3187 1115 3223 esse
1148 3173 1272 3222 dicebant
1302 3198 1335 3206 -
1367 3187 1444 3222 eram
1476 3174 1578 3235 plane;

293 3253 336 3316 (cf.
362 3256 429 3305 Plin.
457 3257 486 3306 H.
513 3256 544 3306 N.
571 3256 617 3321 34,
643 3256 701 3319 33):
726 3260 906 3308 sintulacrum
960 3256 1089 3306 timebam
1105 3257 1194 3320 enim,
1212 3271 1246 3305 ne
1258 3258 1410 3320 evenirent,
1428 3257 1460 3306 cf.
1475 3257 1578 3320 Driiger

292 3342 350 3389 eius
375 3338 460 3402 (Iani)
483 3343 646 3405 plerumque
668 3343 784 3407 fingitur
805 3344 905 3393 deutra
959 3339 1034 3404 Synt.
1053 3357 1078 3390 u.
1097 3340 1147 3390 Stil
1165 3341 1211 3390 des
1228 3341 1287 3390 Tac.
1306 3339 1371 3404 pti.

293 3424 357 3475 CCC
378 3432 404 3475 et
420 3428 535 3475 sinistra
551 3428 625 3476 LXV
639 3431 790 3478 nanterum
805 3435 904 3478 tenens.
992 3426 1097 3475 medem.
1123 3426 1294 3490 gladiatores,
1320 3425 1418 3488 quibus
1443 3426 1476 3475 cb
1501 3431 1576 3475 aeta-

324 3513 448 3561 dominos
483 3513 633 3562 identidem
666 3513 815 3575 appellans.
855 3514 904 3562 hac
958 3515 1012 3558 tem
1036 3525 1211 3559 numerumve
1235 3511 1406 3559 victoriarum
1430 3511 1575 3560 ueletiam

290 3602 378 3646 aetate
392 3598 555 3647 consuetudo
570 3603 641 3659 erat,
659 3607 690 3646 ut
701 3598 777 3648 cuins
789 3599 904 3648 nominis
957 3595 1046 3644 favore
1079 3595 1176 3658 populi.
1198 3595 1338 3644 editorisve
1370 3595 1514 3644 necessitas
1547 3596 1575 3645 in

290 3681 365 3731 obliti
387 3687 488 3745 essent,
515 3682 653 3731 dominum
676 3684 852 3746 appellarent,
870 3683 902 3732 cf.
957 3693 1066 3727 arenam
1098 3679 1243 3742 prodeundi
1277 3679 1472 3742 remitteretur,
1509 3681 1575 3730 rude

290 3765 380 3815 Senec.
405 3781 444 3829 ep.
468 3764 498 3830 3,
521 3765 550 3815 t:
577 3766 674 3829 Itaque
691 3769 729 3816 sic
744 3769 840 3830 priore
856 3769 903 3817 illo
956 3765 1049 3814 donari
1066 3770 1159 3814 notum
1177 3770 1225 3814 est.

288 3852 368 3901 verbo
386 3854 466 3914 qimai
481 3852 588 3914 publico
605 3867 670 3899 rasus
687 3866 713 3900 es
730 3858 757 3901 et
773 3853 812 3900 sic
823 3853 903 3900 illum
991 3851 1121 3899 tabulam.
1146 3855 1177 3897 nt
1197 3848 1324 3898 Claudius
1348 3849 1433 3898 facere
1457 3849 1574 3914 solebat,

289 3938 410 3985 (intimem
432 3939 547 4000 vocasti,
570 3936 704 3998 quomodo
727 3950 820 3985 oncnes
837 3952 901 3986 can·
956 3936 988 3985 ci.
1015 3936 1062 3984 Dio
1088 3933 1136 3998 60,
1160 3933 1208 3997 13,
1233 3933 1261 3983 5:
1294 3931 1384 3981 ὅτι-
1401 3929 1447 3982 καὶ
1474 3930 1574 3998 κήρυξι

289 4021 396 4070 didatus
420 4022 499 4072 bonos
522 4023 596 4070 uiros
613 4022 744 4084 dicineus,
769 4023 901 4084 quomodo
955 4015 1004 4083 μὲν
1028 4015 1149 4083 ἐλάχιστα
1174 4015 1286 4082 ἔχρητο,
1315 4013 1346 4067 τὰ
1372 4013 1402 4066 δὲ
1428 4013 1461 4082 δὴ
1487 4015 1573 4069 πλείω

287 4105 538 4168 obuios,sinomen
549 4113 765 4169 monstruosorum,
778 4107 901 4156 dominos
955 4101 981 4158 ἐς
1014 4101 1120 4158 σανίδας
1151 4099 1265 4167 γράφων
1296 4099 1434 4166 διεδήλου,
1466 4100 1573 4168 σφόδρα

288 4191 446 4240 salutamus.
472 4191 549 4240 Mart.
575 4192 596 4240 V
619 4190 665 4240 57:
697 4190 765 4239 Cum
789 4206 850 4240 noco
877 4198 902 4240 te
955 4185 1074 4253 ἐπῃνεῖτο
1081 4225 1089 4249 ,
1106 4188 1177 4251 quod
1195 4188 1300 4250 saepius
1315 4188 1416 4238 lactum
1429 4203 1485 4238 esse
1500 4189 1574 4239 vide-

288 4275 447 4338 dominum,
479 4276 535 4324 noli
562 4275 625 4337 tibi,
653 4275 753 4339 Cinna,
779 4277 900 4338 placere:
955 4278 1012 4336 tur,
1038 4273 1071 4322 ci.
1089 4271 1163 4327 Geli.
1190 4272 1211 4321 V
1237 4270 1284 4334 14,
1310 4269 1356 4321 29:
1392 4273 1455 4321 baec
1479 4272 1574 4336 Apion

287 4358 372 4422 Saepe
395 4362 481 4409 etiam
497 4375 605 4409 sacram
623 4360 661 4408 sic
679 4362 795 4409 resaluto
814 4367 899 4409 tarum.
954 4358 1056 4407 dixisse
1073 4357 1241 4408 Androclum
1259 4357 1357 4420 tradit,
1376 4372 1461 4420 eaque
1477 4360 1574 4408 omnia

289 4444 457 4492 Friedliinder
474 4442 521 4494 SG.
540 4441 564 4492 1⁵
581 4442 637 4492 too.
954 4445 1056 4506 scripta
1096 4443 1311 4504 circumlataque
1346 4442 1437 4491 tabula
1469 4445 1574 4505 populo

320 4530 462 4577 arcessitis.
478 4586 481 4592 ι
498 4530 575 4592 longe
607 4528 696 4591 petitis
728 4532 755 4576 et
783 4528 815 4576 ad
843 4543 898 4577 rem
954 4529 1099 4578 declarata.

286 4628 340 4661 non
357 4613 565 4677 pcrtinentibus,
583 4614 615 4663 cf.
634 4613 738 4661 Pctron.
756 4610 802 4660 37:
821 4613 900 4674 mage
987 4615 1066 4663 misit
1082 4614 1098 4661 i.
1117 4627 1139 4661 e.
1157 4612 1339 4662 circummisit.

286 4711 420 4746 arcessere
438 4697 546 4759 subulas
564 4700 645 4761 coepi.
988 4697 1084 4746 liberos
1114 4698 1256 4759 suscipere.
1290 4702 1321 4746 nt
1344 4697 1480 4760 privilegia
1505 4699 1572 4761 legis

319 4783 409 4844 qualis
427 4790 465 4831 est
482 4789 519 4832 ut.
537 4783 605 4846 „uisi
622 4782 746 4831 additicia
763 4788 827 4830 sunt
843 4798 897 4832 voc.
953 4782 1048 4846 Papiae
1065 4781 1201 4844 Poppaeae
1219 4782 1435 4844 adipiscerentur.

285 4868 375 4928 qualis
401 4874 452 4930 est,
480 4867 577 4930 quibus
595 4868 755 4931 explicatum
774 4872 838 4930 puto
856 4883 897 4916 se·
987 4866 1569 4929 eapupnationem-oppidi-deditionem-
