3322 5512
772 354 827 414 107

163 541 269 614 sellas
313 539 542 615 tribuniciove
586 541 754 615 subsellio
791 540 945 614 sedebat.
993 538 1218 612 Commeatue
1257 559 1280 607 a
1317 539 1441 607 senatu

163 665 230 761 peti
257 666 377 740 solitae
403 667 561 741 beneficii
588 667 641 740 sui
667 667 757 741 feeit.

199 873 261 933 Dio
286 877 413 949 60,16,
437 876 466 934 3.
507 873 652 955 ἐκρίνοντο
684 873 716 938 δὲ
747 874 777 936 ἕν
801 873 842 953 τῷ
867 870 1002 951 συνεδρίῳ
1028 869 1072 955 (οἱ
1095 869 1146 932 σὺν
1171 865 1325 946 Καμίλλῳ
1349 874 1438 946 Σκρι-

161 980 294 1061 βυνιανῷ
324 981 641 1069 ἐπιβουλεύσαντες),
672 987 722 1046 τοῦ
754 1004 788 1044 τε
822 978 972 1044 Κλαυδίου
996 977 1048 1042 καί
1072 976 1129 1041 τῶν
1154 973 1300 1053 ε’ποίρχυν
1324 972 1381 1036 τῶν
1405 996 1439 1036 τε

160 1084 361 1172 ἐξελευθέρων
396 1089 488 1154 αὐτοῦ
525 1088 678 1170 παρόντων
712 1108 718 1122 ·
751 1089 805 1162 τὴν
837 1087 893 1164 μὲν
931 1084 992 1165 pap
1033 1084 1175 1160 ἐσίννσιν
1206 1082 1236 1145 ἒν
1268 1079 1350 1159 μέσῳ
1382 1080 1439 1143 τῶν

159 1194 283 1261 ὑποίτυν
323 1195 374 1261 ε’πί
413 1196 521 1279 δίφρου
558 1198 687 1278 οίρχιιιοῦ
719 1195 735 1271 ἢ
766 1195 818 1259 καί
850 1194 902 1259 ε’πί
934 1190 1056 1273 βοίθρου
1087 1188 1262 1268 καθήμενος
1294 1189 1439 1263 ἐποιεῖτο,

160 1301 242 1378 μετα
273 1302 305 1365 δὲ
337 1309 424 1368 τοῦτο
448 1304 539 1378 αὖτίς
562 1329 596 1370 τε
619 1305 670 1369 ἐπί
694 1305 747 1378 τὴν
772 1299 887 1375 συνήθη
911 1296 999 1380 ἕδραν
1023 1299 1215 1380 μετοίρχετο,
1247 1301 1300 1364 καί
1323 1297 1441 1370 ἐκείνοις

160 1407 184 1471 οί
214 1406 314 1490 δίφροι
345 1408 483 1475 ε’τίθεντο
508 1461 515 1475 .
540 1410 592 1476 καί
623 1416 724 1476 ταῦτα
756 1410 812 1487 μὲν
844 1408 896 1472 καί
920 1407 972 1472 ε’πὶ
996 1407 1053 1472 τῶν
1077 1403 1181 1471 ι’ίλλυν
1206 1407 1263 1472 τῶν
1287 1405 1439 1484 μεγίσταν

160 1513 264 1590 ὁμοίως
287 1514 439 1592 ἐγίγνετο.

200 1621 260 1681 Dio
282 1624 337 1697 60,
362 1627 420 1700 25,
443 1629 470 1686 6.
512 1631 574 1696 τοῖς
605 1625 631 1688 δ’
656 1619 704 1688 οὖν
727 1622 914 1701 αἰτουμένοις
937 1618 1014 1685 ὥστε
1038 1618 1094 1704 ἔξω
1118 1627 1172 1695 τῆς
1195 1619 1336 1691 Ἰταλίας
1358 1620 1438 1684 οίπο-

161 1727 293 1805 tipario
326 1730 406 1812 ἐφίει
436 1732 492 1808 μὲν
524 1729 576 1796 καί
599 1729 675 1796 καθ’
700 1730 806 1795 ἑαυτὸν
830 1728 902 1794 οίνευ
925 1735 979 1802 τῆς
1003 1728 1134 1806 βουλῆς,
1166 1734 1218 1794 τοῦ
1241 1751 1280 1804 γε
1303 1729 1364 1805 μὴν
1388 1727 1439 1791 καί

160 1833 239 1916 νόμῳ
272 1836 327 1901 τινί
358 1837 432 1903 αὐτὸ
464 1839 559 1903 δοκεῖν
592 1845 683 1904 ποιεῖν
715 1837 821 1915 δόγμα
846 1833 993 1913 γενέσθαι
1017 1834 1165 1900 ἐκέλευσε.
1198 1842 1249 1900 καί
1272 1840 1359 1900 τοῦτο
1383 1834 1439 1912 μὲν

163 1941 215 2007 καί
238 1944 280 2023 τῷ
302 1943 413 2026 ὑστέρῳ
438 1944 497 2010 ἔτει
520 1943 694 2028 ἐψηφίσθη.

159 2157 254 2203 senatu
271 2158 330 2217 post
345 2160 458 2205 mortem
477 2154 592 2220 Augusti
608 2171 624 2205 a
641 2155 744 2206 Tiberio
758 2171 772 2206 e

160 2237 303 2288 tribunicia
315 2243 445 2302 potestate
458 2246 613 2304 mnuocato,
630 2243 699 2291 alter
710 2256 772 2292 eon-

160 2323 249 2373 sulum
266 2324 294 2373 in
306 2330 473 2388 praetorum,
490 2327 558 2375 alter
566 2326 594 2375 in
603 2326 772 2376 tribunorum

160 2408 285 2459 subsellio
310 2410 392 2473 sedit,
417 2411 450 2460 ci.
477 2410 524 2460 Dio
548 2410 594 2475 56,
616 2409 663 2474 31,
686 2410 728 2475 3),
745 2416 773 2461 et

160 2492 239 2543 verba
261 2495 333 2544 inter
352 2495 495 2544 οοιοεαῑιιιιο
511 2497 590 2546 aelicta
607 2510 772 2560 quamquam

161 2579 226 2627 mire
243 2579 315 2629 dicta
332 2581 589 2643 prointereoasulea
606 2578 773 2642 (siculum)

161 2663 201 2712 vix
227 2665 260 2713 ad
284 2665 393 2715 verbum
416 2665 586 2729 interpretari
603 2665 677 2715 licet:
704 2666 774 2714 inter

161 2749 300 2798 consulum
317 2751 397 2799 sellas
411 2765 445 2800 sc.
456 2765 566 2815 vacuas,
583 2751 625 2801 cui
641 2751 772 2813 interpre-

160 2833 254 2882 tationi
272 2833 354 2883 etiam
371 2835 479 2885 obstant
496 2834 575 2885 verba
592 2836 682 2885 Dionis
699 2833 727 2896 (l.
743 2834 772 2897 1.)

160 2911 205 2965 καί
222 2912 333 2972 ε’κεινοίς
352 2916 415 2982 (τοῖς
432 2915 551 2982 ὑπάτοις)
569 2917 597 2970 οί
612 2917 704 2984 δίφροι
721 2917 772 2969 ε’τί-

160 2997 245 3050 darre.
270 3001 358 3061 Quare
380 3005 466 3068 recepi
483 3005 641 3055 Mommseni
658 3004 731 3067 (StR.
750 3003 773 3055 1³

160 3085 208 3136 403
231 3087 253 3136 Α
277 3087 293 3136 6
318 3103 348 3130 =
370 3086 393 3137 1²
410 3087 471 3151 386)
489 3090 703 3140 emendationem
723 3092 772 3139 tri-

161 3172 311 3236 buniciooe,
329 3174 373 3222 cui
389 3174 481 3224 favent
497 3175 576 3225 verba
594 3175 683 3225 Dionis
700 3175 729 3238 (1.
740 3177 772 3226 l.:

159 3251 274 3320 ἐνμέσῳ
291 3260 345 3306 τῶν
356 3254 465 3308 ὑπάτων
481 3254 523 3308 ἐπί
541 3257 640 3324 δίφρου
658 3256 773 3324 ἀρχικοῦ

161 3337 176 3405 ἢ
199 3337 246 3390 καί
269 3338 311 3390 ἔστί
333 3339 448 3407 βάθρου.
472 3343 572 3408 (Atque
590 3346 670 3395 etiam
689 3347 774 3409 magis

161 3427 226 3476 mihi
263 3428 379 3490 placeret
413 3431 486 3478 inter
519 3432 660 3480 consulam
694 3431 773 3480 selles

164 3512 274 3564 <aello>
296 3513 473 3563 tribuniciove
484 3513 628 3575 subsellio).
646 3514 773 3565 Claudius

160 3598 241 3661 igitur
263 3598 296 3647 de
319 3599 419 3649 maiore
443 3601 548 3664 negotio
570 3615 773 3665 nonnumquam

161 3698 221 3733 cum
239 3688 333 3733 senatu
352 3685 407 3748 egit
423 3699 455 3734 ex
472 3685 615 3735 tribunicia
630 3691 773 3750 potestate,

161 3768 230 3831 quod
257 3773 289 3818 ut
313 3770 451 3819 insolitum
478 3770 692 3820 animadversum
716 3786 773 3820 esse

161 3853 265 3902 videtur
282 3851 332 3916 (of.
351 3853 499 3904 Mommsen
517 3854 577 3905 StR.
596 3853 771 3905 1³10611=

161 3936 183 3987 1²
199 3937 257 3988 390.
275 3937 312 3988 11³
329 3937 379 3988 896
398 3940 419 3988 Α
437 3938 453 3987 3
472 3956 501 3982 =
520 3938 556 3989 11²
566 3939 627 4003 859)
637 3939 772 4002 (Ceterum

161 4025 230 4087 quod
250 4023 431 4073 Mommsenus
449 4020 477 4084 (1.
493 4025 509 4073 l.
520 4022 544 4072 1³
553 4022 614 4086 403)
631 4025 694 4074 dicit
711 4026 773 4074 soli-

161 4114 216 4158 tam
226 4109 317 4158 sedem
325 4109 395 4157 inter
403 4110 526 4158 consules
535 4109 630 4170 luisse,
648 4109 672 4157 id
684 4109 774 4158 minus

161 4197 231 4243 recte
240 4194 343 4243 dictum
353 4194 465 4243 videtur.
484 4191 578 4242 Obstat
587 4193 659 4241 enim
669 4198 775 4255 praeter

161 4279 247 4328 locum
273 4279 327 4327 iam
352 4278 457 4340 saepius
480 4278 620 4326 laudatum
644 4275 704 4338 (Dio
727 4276 774 4340 60,

160 4361 205 4423 16,
229 4360 257 4423 3)
281 4364 349 4411 alter
372 4364 446 4412 locus
469 4363 594 4413 eiusdum
619 4361 710 4411 Dionis
726 4360 773 4425 60,

160 4445 189 4510 6,
211 4445 241 4496 l:
266 4442 312 4496 καί
335 4450 389 4496 τῶν
411 4443 520 4497 ὑπάτων
542 4442 571 4494 ἓν
588 4450 625 4509 τῷ
643 4442 773 4509 συνεδρίῳ

160 4527 333 4595 καταβάντων
353 4527 417 4581 ποτὲ
442 4526 495 4581 ἀπὸ
521 4534 575 4579 τῶν
601 4527 708 4594 δίφρων
732 4528 773 4579 ἵνα

161 4612 337 4680 διαλεχθῶσιν
356 4613 430 4680 αὐτῷ
448 4615 581 4679 (consules
598 4616 680 4679 igitur
698 4630 773 4678 prae-

160 4700 292 4754 sidebantl
313 4697 506 4765 προσεξανέοτη
527 4717 553 4749 τε
571 4696 617 4748 καί
634 4696 772 4763 ἀντιπροσ-

161 4782 227 4849 alai
236 4802 335 4850 σφισιν.
353 4785 480 4835 Claudius
489 4787 571 4849 igitur
580 4787 670 4835 sedere
680 4787 774 4834 solitus

161 4875 201 4919 est
216 4871 244 4918 in
262 4870 389 4919 tribunali
406 4869 500 4920 aGaio
515 4875 649 4920 exstructo
664 4869 723 4932 (Dio
732 4869 773 4934 59,

826 2155 874 2219 66,
891 2154 933 2218 3),
949 2155 1019 2219 quod
1035 2153 1117 2203 etiam
1133 2153 1278 2202 secundum
1292 2152 1439 2203 Mommsen

827 2239 855 2302 (l.
873 2239 903 2302 l.)
920 2241 947 2289 in
958 2239 1147 2290 curiamansit.
1165 2238 1233 2287 Ante
1242 2236 1338 2288 Gaium
1348 2243 1439 2287 autem

828 2326 959 2389 principes
975 2325 1045 2373 inter
1059 2325 1180 2373 consules
1196 2323 1286 2372 sedere
1300 2322 1440 2386 solebant).

861 2416 1026 2460 οοιιιιιιοοοαο
1042 2423 1077 2458 sc.
1095 2412 1262 2471 senatorum,
1279 2406 1438 2471 quibusiam

827 2495 925 2545 liberae
942 2495 980 2544 rei
998 2493 1117 2558 publicae
1127 2497 1214 2542 aetate
1223 2493 1280 2542 sine
1289 2498 1439 2542 commeatu

827 2581 903 2630 Italia
921 2579 1010 2643 egredi
1027 2593 1080 2628 non
1093 2577 1203 2642 licebat,
1222 2579 1292 2642 quod
1302 2579 1440 2642 Augustus

827 2665 994 2716 confirmavit
1015 2663 1074 2726 (Dio
1091 2662 1137 2726 56,
1155 2662 1201 2727 46,
1216 2662 1252 2725 6).
1270 2663 1440 2713 senatoribus

826 2757 931 2814 tamen,
949 2751 996 2814 qui
1010 2750 1038 2799 in
1052 2748 1141 2799 Sicilia
1149 2747 1267 2798 Galliave
1276 2748 1440 2798 Narbonensi

827 2836 1002 2900 possessiones
1012 2833 1146 2884 habebant
1151 2831 1309 2894 (secundum
1318 2832 1439 2882 Tacitum

827 2922 859 2971 iis
881 2925 988 2970 tantum
1006 2919 1054 2983 qui
1070 2932 1102 2968 ex
1120 2919 1161 2968 his
1179 2918 1319 2982 provinciis
1335 2918 1440 2967 oriundi

827 3004 914 3068 erant)
933 3019 1087 3056 concessum
1105 3008 1163 3053 erat
1178 3008 1209 3052 ut
1223 3003 1279 3052 siue
1288 3007 1438 3052 commeatu

827 3106 869 3140 res
886 3105 948 3140 suas
964 3090 1121 3151 inviserent,
1138 3089 1171 3138 cl.
1189 3089 1237 3138 Dio
1249 3090 1293 3138 1.1.
1303 3088 1362 3138 Tac.
1372 3088 1439 3138 Anu.

827 3176 875 3226 X11
906 3174 947 3225 63.
979 3175 1017 3224 De
1042 3173 1207 3224 Narbonensi
1233 3173 1366 3237 provincia
1392 3173 1441 3223 hoc

827 3261 923 3311 statuit
940 3259 1067 3310 claudius
1083 3274 1107 3309 a.
1124 3256 1223 3322 adalta.

861 3363 878 3395 o
904 3352 1000 3396 seriata
1021 3345 1080 3408 peti
1101 3344 1202 3393 solitos.
1235 3348 1323 3392 aetate
1340 3342 1440 3392 liberae

828 3433 867 3482 rei
891 3431 1010 3495 publicae
1028 3444 1073 3493 per
1090 3444 1117 3478 se
1136 3433 1209 3492 patet
1225 3434 1349 3479 senatum
1367 3444 1439 3478 com-

828 3522 932 3566 meatus
950 3516 1060 3565 dedisse.
1078 3514 1216 3578 Augustus
1233 3514 1375 3563 etiamtum
1390 3516 1440 3562 tri-

829 3602 916 3649 umvir
938 3598 973 3662 (a.
998 3597 1100 3662 765ί69)
1125 3599 1175 3647 hoc
1196 3598 1238 3647 ius
1261 3598 1293 3646 ad
1312 3612 1340 3646 se
1360 3599 1441 3648 traxit

828 3683 887 3746 (Dio
904 3684 949 3748 56,
967 3683 1013 3747 46,
1031 3681 1060 3732 d:
1085 3678 1117 3731 ἂν
1132 3676 1170 3746 μὴ
1190 3677 1268 3735 αὐτὸς
1280 3708 1313 3716 -
1327 3679 1439 3746 κελεύσῃ

828 3766 844 3833 ἢ
863 3766 909 3818 καί
926 3764 1076 3832 ἐπιτρέψῃ),
1093 3767 1164 3830 quod
1182 3771 1272 3829 postea
1289 3771 1380 3816 tamen
1398 3782 1440 3816 se-

829 3856 905 3904 natui
932 3855 1064 3903 redditum
1092 3853 1126 3901 sit
1151 3866 1257 3901 necesse
1283 3857 1337 3914 est,
1360 3857 1390 3900 ut
1413 3857 1440 3901 et

829 3942 878 3990 hoc
895 3941 950 3989 loco
968 3943 996 3988 et
1012 3953 1028 3987 a
1045 3938 1128 3987 Dione
1145 3935 1204 3999 (60,
1221 3935 1304 4000 65,6)
1314 3936 1440 3999 probatur

828 4023 871 4087 (ut
897 4026 1002 4074 videtur
1027 4024 1060 4073 ab
1082 4024 1137 4086 ipso
1158 4023 1291 4085 Augusto,
1316 4023 1348 4071 cf.
1367 4021 1439 4072 Suet.

827 4110 882 4159 Tib.
907 4108 964 4171 31),
988 4123 1153 4172 quamquam
1176 4111 1299 4156 senatum
1323 4121 1440 4156 comme-

828 4199 903 4243 atum
921 4209 974 4243 nou
992 4194 1149 4243 concessisse
1164 4193 1307 4242 verisimile
1321 4197 1374 4255 est,
1390 4193 1441 4241 nisi

828 4285 935 4329 auctore
953 4281 994 4328 vel
1006 4280 1166 4328 concedente
1178 4278 1306 4341 principe,
1324 4279 1356 4327 cf.
1367 4277 1440 4328 Suet.

829 4363 885 4413 Gai.
908 4362 953 4412 69;
976 4366 1146 4425 praetoriam
1169 4364 1260 4412 virum
1283 4377 1317 4411 ea
1338 4377 1441 4412 secessu

828 4447 992 4510 Antieyroe,
1009 4462 1095 4510 quom
1111 4447 1278 4496 valetudinis
1294 4462 1376 4496 caasa
1392 4463 1439 4509 pe-

829 4534 923 4596 tierat,
938 4534 1087 4595 propopari
1101 4532 1153 4581 sibi
1162 4539 1342 4581 corripientem
1351 4534 1439 4594 saepi-

828 4633 860 4665 us
878 4618 1078 4666 desiderantem
1092 4631 1154 4665 ουννι
1166 4614 1440 4677 ιιοαινάυοοοι(οοι“ιιο)

827 4702 966 4763 interimi,
983 4700 1129 4749 Mommsen
1148 4698 1209 4749 StR.
1229 4697 1339 4748 111913.

862 4786 932 4848 fecit.
958 4801 980 4834 a.
1000 4782 1091 4848 mallo
1108 4789 1217 4834 senatus
1234 4786 1353 4835 consulto
1371 4785 1440 4834 facto

828 4869 887 4933 (Dio
911 4872 926 4918 1.
952 4868 994 4934 1),
1018 4885 1078 4918 cum
1103 4874 1183 4919 antea
1205 4871 1255 4923 hoe
1280 4872 1439 4931 usurpasset.

1532 526 1571 600 O.
1598 529 1644 599 23
