3322 5512
725 317 781 378 159

110 531 174 581 nec
204 506 311 581 multo
340 515 419 603 post
445 531 489 581 ex
514 504 701 601 composito
727 505 919 603 irrumpere
944 503 1081 602 Appius
1107 503 1304 598 nuntiatus,
1330 505 1384 580 cui
1476 501 1514 578 O.
1543 508 1599 577 37.

109 631 220 728 pridie
246 632 291 704 ad
316 631 353 704 id
378 631 544 727 temporis
570 641 608 704 ut
633 630 774 704 adesset
799 640 1023 727 praeceptum
1049 639 1141 722 erat,
1168 630 1270 724 quasi
1287 632 1392 726 plane

109 766 430 853 repraesentaretur
463 757 585 830 somnii
620 755 726 843 fides,
760 755 891 829 arcessi
925 754 1042 828 statim
1078 778 1120 827 ac
1154 755 1240 828 mori
1273 756 1392 830 iussus

109 892 171 955 est.
211 883 286 956 Nec
319 883 491 956 dubitavit
524 892 663 978 postero
698 881 754 955 die
788 880 960 954 Claudius
994 880 1151 953 ordinem
1184 881 1234 954 rei
1269 892 1391 976 gestae

107 1009 262 1103 perferre
287 1007 333 1080 ad
358 1015 519 1080 senatum
546 1029 587 1078 ac
612 1006 735 1080 liberto
760 1006 894 1101 gratias
920 1029 1043 1101 agere,
1070 1005 1163 1101 quod
1188 1029 1251 1102 pro
1277 1008 1391 1081 salute

108 1155 176 1206 sua
200 1132 304 1206 etiam
331 1131 507 1206 dormiens
533 1132 729 1205 excubaret

158 1258 370 1332 XXXVIII.
420 1258 500 1331 Irae
534 1266 639 1352 atque
672 1256 874 1331 iracundiae
904 1257 1064 1330 conscius
1089 1257 1173 1350 sibi,
1208 1267 1391 1353 utramque

109 1382 292 1456 excusavit
318 1382 430 1455 edicto
456 1381 700 1476 distinxitque.
725 1381 902 1477 pollicitus
927 1382 1074 1455 alteram
1091 1381 1231 1477 quidem
1249 1383 1391 1456 brevem

110 1515 144 1581 et
168 1506 361 1600 innoxiam,
387 1507 534 1580 alteram
560 1529 629 1579 non
655 1506 820 1579 iniustam
845 1508 930 1579 fore.
957 1505 1198 1597 Ostiensibus,
1225 1506 1308 1601 quia
1326 1506 1391 1579 sibi

109 1630 270 1703 subeunti
304 1630 461 1703 Tiberim
494 1629 645 1726 scaphas
676 1629 815 1703 obviam
841 1653 910 1703 non
935 1630 1104 1722 miserint,
1138 1630 1294 1725 graviter
1318 1654 1391 1705 cor-

108 1754 233 1850 reptis,
268 1777 379 1849 eaque
405 1777 484 1826 cum
509 1753 660 1845 invidia,
686 1764 725 1827 ut
749 1754 784 1826 in
811 1753 968 1827 ordinem
994 1777 1032 1827 se
1058 1763 1215 1828 coactum
1242 1755 1391 1828 conscri-

107 1944 249 1993 Narcissus
274 1969 305 1976 -
326 1941 473 2005 Appianae
494 1942 583 1990 caedis
600 1943 718 1992 molitor.

140 2030 240 2078 arcessi
265 2029 281 2078 i.
308 2043 330 2077 e.
355 2028 489 2090 advocari,
522 2027 592 2090 qnod
617 2027 718 2076 bonum

107 2128 215 2162 sensnm
249 2113 301 2162 dat.
343 2112 430 2170 Quare
462 2111 541 2174 Lipsii
566 2111 719 2160 coniectura

107 2199 195 2246 arceri
213 2212 265 2246 non
283 2212 349 2260 opus
366 2201 414 2246 est.
599 2249 601 2253 ,

139 2283 175 2331 ad
192 2288 324 2331 senatum.
343 2282 462 2344 princeps
480 2294 521 2328 res
539 2279 645 2328 maioris
660 2294 719 2328 mo-

107 2366 191 2415 menti
221 2381 282 2415 cum
314 2370 409 2414 senatu
435 2364 648 2413 communicabat
674 2361 718 2426 (cl.

107 2467 128 2501 c.
150 2450 194 2513 36)
217 2456 245 2501 et
262 2450 418 2514 praesertim
436 2449 457 2497 si
475 2463 542 2511 quos
559 2449 657 2496 summi
675 2464 718 2497 or-

106 2536 175 2585 dinis
198 2537 266 2584 viros
288 2535 477 2597 interfecisset,
500 2548 563 2582 enm
580 2534 719 2582 certiorem

106 2623 164 2671 eius
194 2623 233 2670 rei
262 2622 349 2669 facere
381 2618 494 2680 solebat,
527 2617 719 2679 scriptoresque

105 2707 198 2755 sedulo
215 2707 475 2765 animadverterunt,
492 2702 514 2751 si
532 2702 652 2764 princeps
671 2702 719 2749 hoc

105 2790 242 2851 omiserat,
259 2790 291 2838 cl.
311 2789 357 2837 Dio
374 2787 415 2850 67,
432 2785 473 2850 11,
490 2784 520 2835 3:
538 2781 570 2833 οὐ
585 2780 640 2848 μὴν
655 2779 719 2833 οὐδὲ

105 2869 165 2936 περὶ
182 2877 235 2923 τῶν
252 2867 446 2935 ἀναιρεθέντων
463 2875 495 2934 τῇ
511 2866 597 2934 βουλῇ
615 2886 637 2917 τι
655 2865 718 2918 ἀπέ-

105 2954 194 3006 στειλε.
222 2957 268 3022 79,
294 2958 323 3021 4,
346 2957 376 3007 o:
403 2951 475 3004 οὗτοι
499 2949 549 3016 μὲν
572 2949 615 3002 διὰ
638 2957 718 3002 ταῦτα

104 3039 251 3102 ἀπώλοντο,
259 3041 309 3092 καί
315 3037 377 3090 οὐδὲ
389 3035 515 3103 ἐπεστάλη
525 3055 548 3086 τι
557 3034 617 3102 περὶ
630 3034 719 3087 αὐτῶν

105 3133 137 3192 τῇ
150 3126 281 3192 γερουσίᾳ.
297 3128 444 3177 Mommsen
457 3124 519 3173 StR.
537 3123 573 3171 111
582 3122 649 3172 mol
659 3123 680 3170 A
690 3121 716 3172 3.

138 3213 201 3263 Irae
235 3220 317 3276 atque
347 3209 508 3261 iracundiae
540 3233 573 3240 -
602 3208 719 3256 alteram

107 3297 213 3347 breuem
236 3324 268 3331 -
291 3298 408 3346 alteram
430 3307 486 3344 aaa
503 3292 645 3340 iniustam.
673 3305 720 3354 per

104 3380 214 3429 chiasmi
233 3379 346 3444 figuram
366 3381 430 3429 haec
447 3379 517 3427 dicta
533 3382 598 3426 sunt
610 3378 717 3440 utAug.

104 3463 149 3513 13:
175 3479 263 3527 aeque
287 3471 476 3514 veteranorum
501 3476 590 3526 ueqrie
610 3476 717 3524 posses-

104 3564 197 3599 sorum
220 3551 343 3611 gratiam
363 3551 462 3610 tenuit,
486 3547 579 3596 alteris
597 3543 718 3608 (posses-

104 3631 219 3696 soribus)
236 3634 302 3695 pelli
320 3648 360 3697 se,
377 3634 471 3682 alteris
488 3629 645 3693 (veteranis)
664 3645 719 3680 aaa

101 3735 153 3782 pro
170 3734 217 3782 spe
233 3721 397 3768 meritorum
412 3718 524 3767 tractari
538 3716 717 3778 querentibus.

104 3805 225 3852 Promisit
243 3804 325 3866 igitur
342 3802 470 3852 Claudius
486 3800 652 3850 iracundiam
668 3800 684 3848 i.
695 3815 717 3849 e.

104 3889 158 3938 irae
176 3889 342 3950 eruptionem
359 3888 466 3937 brevem
484 3887 554 3949 fore,
571 3887 718 3934 immeritos

104 3979 195 4021 autern
226 3974 293 4021 iram
327 3986 404 4020 snam
439 3985 491 4020 non
525 3970 716 4020 conflicturum.

104 4055 219 4118 (Bremia
244 4057 393 4105 chiasmnm
419 4070 471 4104 non
489 4054 643 4103 admittenti
659 4055 717 4103 ira·

104 4142 203 4190 cundia
235 4141 306 4190 idem
332 4145 373 4189 est
398 4146 479 4202 atque
504 4140 599 4188 odium
624 4138 716 4202 (Mass,

104 4222 201 4288 Grall),
219 4240 272 4288 qno
289 4240 370 4274 sensu
379 4239 428 4272 vox
437 4239 586 4287 numquam
596 4223 715 4286 legitur.)

135 4309 261 4359 subeunti
282 4310 401 4359 Tiberim
417 4308 434 4357 i.
448 4323 470 4357 e.
488 4309 583 4358 amari
599 4308 716 4358 Tiberim

102 4394 228 4457 ingresso,
254 4395 286 4443 cf.
313 4393 368 4442 Gai.
387 4393 432 4442 15:
462 4392 627 4444 Ostiam—et
652 4395 717 4443 iride

101 4479 220 4528 Romam
246 4479 337 4528 Tiberi
359 4479 498 4527 subuectos.
522 4479 577 4528 Tib.
597 4478 636 4527 72.
654 4479 716 4528 Vel-

100 4564 177 4614 leius.
195 4564 219 4612 II
236 4563 300 4626 106,
317 4563 341 4612 3.

134 4649 249 4711 scaphas
266 4649 374 4698 obviam
390 4664 445 4697 aaa
462 4648 596 4697 miserint.
614 4662 646 4696 ex
664 4648 724 4707 hoc,

100 4735 157 4782 loco
181 4733 262 4797 Marq.
287 4733 338 4782 Vit.
361 4731 433 4782 Priv²
456 4747 480 4795 p.
503 4731 590 4781 41011
608 4730 624 4781 8
642 4738 713 4782 recte

100 4818 208 4881 collegit
223 4819 333 4881 scaphas
350 4816 439 4868 Ostiae
457 4834 510 4869 non
525 4821 613 4868 solum
628 4820 713 4868 inser-

774 1942 851 1993 viisse
868 1945 900 1993 ad
919 1959 1020 1994 merces
1037 1959 1052 1993 e
1070 1945 1182 1994 navibus
1200 1960 1268 2008 quae
1283 1950 1389 2008 portum

776 2031 815 2077 vel
839 2030 939 2079 ilumen
957 2031 1057 2079 intrare
1075 2044 1128 2078 non
1146 2034 1253 2092 possent
1269 2035 1390 2078 transve-

774 2114 875 2162 hendas
892 2111 936 2176 (cl.
954 2115 1011 2177 Dig.
1029 2112 1075 2178 14,
1092 2113 1122 2177 2,
1137 2113 1153 2162 4
1170 2112 1234 2177 pn),
1252 2114 1389 2163 sedetiam

774 2197 905 2246 adhibitas
923 2212 979 2247 esse
995 2198 1027 2246 ad
1038 2199 1159 2248 homines
1168 2199 1389 2248 transmittendos

773 2279 817 2344 (cf.
841 2283 910 2332 Petr.
935 2281 1004 2346 lm).
1031 2283 1082 2341 Qut
1112 2283 1215 2345 scaphis
1241 2283 1389 2332 utebantur

773 2368 903 2430 scapharii
928 2368 1056 2431 appellati
1069 2372 1146 2431 sunt,
1164 2381 1280 2430 quornm
1294 2382 1389 2430 corpus

773 2449 861 2500 Ostiae
886 2452 968 2501 fuisse
995 2453 1072 2501 docet
1094 2451 1190 2500 titulus
1213 2451 1250 2500 ibi
1268 2457 1389 2514 repertus

773 2534 801 2584 O.
811 2536 830 2585 1.
839 2536 866 2585 L.
876 2536 935 2586 XIV
944 2535 1007 2585 loe:
1017 2562 1050 2570 -
1059 2537 1126 2586 item
1135 2533 1268 2599 (patrono)
1277 2550 1388 2599 eorpor-

773 2615 905 2681 (atorum)
935 2621 1147 2683 scaphariorum
1176 2626 1202 2670 et
1232 2620 1389 2670 lenunculo-

772 2701 903 2767 rior(um)
919 2706 1046 2754 traiectus
1055 2705 1174 2768 Luculli,
1192 2705 1391 2768 cuiuscorporis

773 2803 833 2851 pars
842 2789 923 2838 fnisse
931 2790 1139 2852 videturcorpus
1147 2787 1293 2852 treiect[us]
1304 2790 1389 2852 Topa-

774 2874 905 2937 teusium,
914 2874 989 2923 cuius
998 2875 1098 2923 mentio
1108 2873 1139 2922 fit
1147 2874 1175 2922 in
1184 2874 1263 2923 titulo
1273 2872 1389 2923 Ostiensi

772 2956 800 3006 O.
818 2958 837 3007 1.
856 2958 883 3007 L.
903 2958 961 3007 XIV
975 2956 1025 3007 403
1040 2955 1083 3020 (cf.
1092 2959 1157 3022 Eph.
1166 2959 1252 3023 Epigr.
1264 2960 1275 3007 I
1285 2975 1308 3023 p.
1318 2958 1388 3021 etl).

773 3041 871 3091 Romae
903 3057 1011 3105 quoque
1040 3044 1150 3106 scaphas
1176 3045 1204 3092 in
1230 3059 1281 3093 usn
1308 3045 1389 3094 fnisse

772 3127 849 3176 docet
865 3128 963 3176 titulus
981 3128 1099 3177 urbanus
1120 3127 1146 3177 O.
1158 3128 1176 3178 1.
1186 3128 1215 3178 L.
1225 3129 1259 3178 Vl
1269 3127 1390 3179 1872:-

770 3213 937 3274 praesertim
968 3227 1030 3262 cumi
1055 3214 1196 3275 navigatio
1223 3214 1389 3277 scapharum

772 3296 919 3358 diligentia
941 3298 998 3346 eius
1021 3298 1161 3362 adquisita
1185 3304 1211 3347 et
1226 3298 1390 3362 confirmante

772 3382 817 3429 sit.
849 3380 936 3429 Etiam
958 3382 1032 3444 alibi,
1061 3387 1091 3431 ut
1118 3397 1165 3445 par
1182 3388 1236 3447 est,
1259 3385 1390 3448 scapharii

772 3465 958 3528 inveniuntur,
983 3465 1016 3514 cl.
1040 3465 1068 3516 G.
1093 3467 1112 3516 1.
1136 3467 1388 3519 tritissima.

772 3547 846 3599 1180.
866 3547 941 3598 1183.

805 3635 835 3684 ia
844 3636 969 3684 ordinem
978 3643 1106 3686 coactum.
1117 3638 1149 3687 ct.
1162 3637 1235 3702 Vesp.
1244 3638 1291 3688 15:
1300 3653 1389 3701 paene

772 3720 803 3768 iu
827 3720 952 3769 ordinem
981 3721 1112 3771 redactus.
1142 3721 1315 3787 Magistratus
1341 3723 1388 3787 qui

771 3809 912 3867 tamquam
927 3804 1046 3867 privatus
1060 3810 1196 3856 tractatur
1213 3807 1245 3857 in
1262 3807 1389 3857 mairem

771 3889 831 3950 copi
840 3889 950 3952 dicitnr,
963 3890 995 3938 cf.
1005 3889 1073 3940 Plin.
1083 3906 1122 3954 ep.
1132 3889 1200 3955 123,
1217 3890 1231 3940 1
1242 3888 1389 3954 (respondit

772 3973 874 4022 Plinius
885 3973 989 4023 Falconi
998 3974 1103 4037 roganti
1113 4012 1119 4038 ,
1137 3990 1201 4023 num
1211 3975 1239 4024 in
1249 3975 1388 4024 tribunatu

772 4058 855 4120 plebis
863 4073 956 4107 causas
965 4073 1043 4121 agere
1050 4059 1100 4108 sibi
1106 4058 1221 4121 liceret):
1231 4060 1388 4123 plurimum

771 4142 871 4206 refert,
906 4143 974 4206 quid
1004 4157 1060 4191 esse
1093 4143 1265 4192 tribunatum
1293 4149 1386 4206 putes,

771 4228 884 4276 iaauem
901 4227 1030 4275 umbram
1047 4232 1073 4275 et
1089 4228 1148 4276 siue
1165 4227 1386 4291 honoreuoraen,

771 4327 808 4363 aa
823 4317 985 4374 potestatem
1001 4318 1202 4361 sacrosanctam
1220 4319 1247 4362 et
1263 4312 1387 4375 ariamiri

771 4397 898 4446 oroliuera
923 4397 982 4457 copi
1008 4402 1039 4445 ut
1063 4412 1080 4445 a
1106 4397 1182 4445 uallo
1205 4398 1245 4445 ita
1268 4411 1302 4446 ue
1324 4412 1342 4445 a
1359 4411 1387 4446 se

771 4481 883 4544 quidem
913 4481 1010 4530 deceat.
1043 4481 1152 4531 Locutio
1182 4496 1196 4530 e
1222 4497 1250 4530 re
1276 4482 1386 4531 militari

770 4565 911 4628 desumpta
920 4569 973 4628 est,
981 4565 1009 4613 in
1019 4580 1073 4628 qua
1081 4566 1235 4629 praepositi,
1245 4566 1292 4630 qui
1301 4566 1384 4630 gradu

767 4650 926 4713 deiciuntur,
957 4651 985 4698 in
1017 4651 1121 4699 ordines
1155 4651 1212 4714 cogi
1244 4651 1383 4714 dicuntur,

767 4734 800 4784 cl.
817 4735 966 4784 Mommsen
984 4734 1045 4784 ste.
1063 4732 1087 4782 1²
1103 4733 1153 4782 1311
1171 4735 1192 4782 Α
1209 4733 1225 4783 3
1244 4751 1274 4778 =
1285 4733 1308 4783 1²
1316 4734 1381 4797 135,

768 4819 814 4885 qui
832 4820 970 4884 complura
987 4821 1109 4884 exempla
1126 4820 1265 4884 congessit.
