<?xml version="1.0" encoding="UTF-8"?>
<!DOCTYPE html PUBLIC "-//W3C//DTD XHTML 1.0 Transitional//EN"
    "http://www.w3.org/TR/xhtml1/DTD/xhtml1-transitional.dtd">
<html xmlns="http://www.w3.org/1999/xhtml" xml:lang="en" lang="en">
 <head>
  <title>
</title>
<meta http-equiv="Content-Type" content="text/html;charset=utf-8" />
  <meta name='ocr-system' content='tesseract 3.04.00' />
  <meta name='ocr-capabilities' content='ocr_page ocr_carea ocr_par ocr_line ocrx_word'/>
</head>
<body>
  <div class='ocr_page' id='page_1' title='image "./vitadiviclaudii00smilgoog_0157.png"; bbox 0 0 3322 5512; ppageno 0'>
   <div class='ocr_carea' id='block_1_1' title="bbox 917 365 975 424">
    <p class='ocr_par' dir='ltr' id='par_1_1' title="bbox 917 365 975 424">
     <span class='ocr_line' id='line_1_1' title="bbox 917 365 975 424; baseline 0 -1"><span class='ocrx_word' id='word_1_1' title='bbox 917 365 975 424; x_wconf 84' lang='lat'>132</span> 
     </span>
    </p>
   </div>
   <div class='ocr_carea' id='block_1_2' title="bbox 123 540 1588 897">
    <p class='ocr_par' dir='ltr' id='par_1_2' title="bbox 123 540 1588 897">
     <span class='ocr_line' id='line_1_2' title="bbox 123 540 1588 646; baseline 0.001 -24"><span class='ocrx_word' id='word_1_2' title='bbox 123 607 130 622; x_wconf 96' lang='lat'>.</span> <span class='ocrx_word' id='word_1_3' title='bbox 197 544 214 622; x_wconf 50' lang='lat'>&#39;.</span> <span class='ocrx_word' id='word_1_4' title='bbox 306 540 467 623; x_wconf 87' lang='lat' dir='ltr'>manibus</span> <span class='ocrx_word' id='word_1_5' title='bbox 503 541 666 646; x_wconf 88' lang='lat' dir='ltr'>ipsorum.</span> <span class='ocrx_word' id='word_1_6' title='bbox 706 550 781 623; x_wconf 87' lang='lat' dir='ltr'>Nec</span> <span class='ocrx_word' id='word_1_7' title='bbox 818 548 946 623; x_wconf 91' lang='lat' dir='ltr'>durare</span> <span class='ocrx_word' id='word_1_8' title='bbox 984 549 1094 623; x_wconf 89' lang='lat' dir='ltr'>valuit</span> <span class='ocrx_word' id='word_1_9' title='bbox 1130 549 1214 644; x_wconf 89' lang='lat' dir='ltr'>quin</span> <span class='ocrx_word' id='word_1_10' title='bbox 1251 541 1296 623; x_wconf 93' lang='lat' dir='ltr'>de</span> <span class='ocrx_word' id='word_1_11' title='bbox 1334 543 1588 626; x_wconf 87' lang='lat' dir='ltr'>conditionibus</span> 
     </span>
     <span class='ocr_line' id='line_1_3' title="bbox 304 674 1587 771; baseline 0.002 -25"><span class='ocrx_word' id='word_1_12' title='bbox 304 674 464 748; x_wconf 90' lang='lat' dir='ltr'>continuo</span> <span class='ocrx_word' id='word_1_13' title='bbox 497 682 680 767; x_wconf 78' lang='lat' dir='ltr'>tractaret,</span> <span class='ocrx_word' id='word_1_14' title='bbox 715 674 819 749; x_wconf 90' lang='lat' dir='ltr'>etiam</span> <span class='ocrx_word' id='word_1_15' title='bbox 854 674 898 748; x_wconf 92' lang='lat' dir='ltr'>de</span> <span class='ocrx_word' id='word_1_16' title='bbox 930 674 1114 765; x_wconf 79' lang='lat' dir='ltr'>Paetinae,</span> <span class='ocrx_word' id='word_1_17' title='bbox 1147 698 1252 769; x_wconf 91' lang='lat' dir='ltr'>quam</span> <span class='ocrx_word' id='word_1_18' title='bbox 1288 675 1368 748; x_wconf 92' lang='lat' dir='ltr'>olim</span> <span class='ocrx_word' id='word_1_19' title='bbox 1403 685 1587 771; x_wconf 81' lang='lat' dir='ltr'>exegerat,</span> 
     </span>
     <span class='ocr_line' id='line_1_4' title="bbox 304 798 1586 897; baseline 0.004 -27"><span class='ocrx_word' id='word_1_20' title='bbox 304 798 417 894; x_wconf 89' lang='lat' dir='ltr'>deque</span> <span class='ocrx_word' id='word_1_21' title='bbox 467 799 604 873; x_wconf 85' lang='lat' dir='ltr'>Lolliae</span> <span class='ocrx_word' id='word_1_22' title='bbox 655 800 842 894; x_wconf 89' lang='lat' dir='ltr'>Paulinae,</span> <span class='ocrx_word' id='word_1_23' title='bbox 892 823 983 895; x_wconf 91' lang='lat' dir='ltr'>quae</span> <span class='ocrx_word' id='word_1_24' title='bbox 1033 798 1072 872; x_wconf 94' lang='lat' dir='ltr'>C.</span> <span class='ocrx_word' id='word_1_25' title='bbox 1123 798 1268 873; x_wconf 81' lang='lat' dir='ltr'>Caesari</span> <span class='ocrx_word' id='word_1_26' title='bbox 1310 809 1421 897; x_wconf 93' lang='lat' dir='ltr'>nupta</span> <span class='ocrx_word' id='word_1_27' title='bbox 1462 805 1586 876; x_wconf 87' lang='lat' dir='ltr'>iuerat.</span> 
     </span>
    </p>
   </div>
   <div class='ocr_carea' id='block_1_3' title="bbox 302 966 1588 2098">
    <p class='ocr_par' dir='ltr' id='par_1_3' title="bbox 302 966 1588 2098">
     <span class='ocr_line' id='line_1_5' title="bbox 348 966 1587 1049; baseline 0.004 -22"><span class='ocrx_word' id='word_1_28' title='bbox 348 966 410 1028; x_wconf 80' lang='lat' dir='ltr'>Tae.</span> <span class='ocrx_word' id='word_1_29' title='bbox 427 971 508 1028; x_wconf 83' lang='lat' dir='ltr'>Aua.</span> <span class='ocrx_word' id='word_1_30' title='bbox 529 967 597 1029; x_wconf 87' lang='grc' dir='ltr'>ΧΙΙ</span> <span class='ocrx_word' id='word_1_31' title='bbox 613 974 637 1029; x_wconf 88' lang='grc'>1.</span> <span class='ocrx_word' id='word_1_32' title='bbox 680 970 777 1030; x_wconf 80' lang='lat' dir='ltr'>Caede</span> <span class='ocrx_word' id='word_1_33' title='bbox 809 970 987 1032; x_wconf 84' lang='lat' dir='ltr'>Messalinae</span> <span class='ocrx_word' id='word_1_34' title='bbox 1017 972 1162 1031; x_wconf 83' lang='lat' dir='ltr'>convulsa</span> <span class='ocrx_word' id='word_1_35' title='bbox 1192 968 1337 1049; x_wconf 90' lang='lat' dir='ltr'>principis</span> <span class='ocrx_word' id='word_1_36' title='bbox 1369 973 1491 1046; x_wconf 91' lang='lat' dir='ltr'>domus,</span> <span class='ocrx_word' id='word_1_37' title='bbox 1524 980 1587 1032; x_wconf 88' lang='lat' dir='ltr'>orto</span> 
     </span>
     <span class='ocr_line' id='line_1_6' title="bbox 303 1076 1587 1154; baseline 0.003 -20"><span class='ocrx_word' id='word_1_38' title='bbox 303 1076 384 1152; x_wconf 88' lang='lat' dir='ltr'>apud</span> <span class='ocrx_word' id='word_1_39' title='bbox 410 1077 533 1136; x_wconf 88' lang='lat' dir='ltr'>libertos</span> <span class='ocrx_word' id='word_1_40' title='bbox 561 1077 737 1150; x_wconf 78' lang='lat' dir='ltr'>certamine,</span> <span class='ocrx_word' id='word_1_41' title='bbox 765 1078 833 1154; x_wconf 89' lang='lat' dir='ltr'>quis</span> <span class='ocrx_word' id='word_1_42' title='bbox 861 1077 1007 1153; x_wconf 86' lang='lat' dir='ltr'>deligeret</span> <span class='ocrx_word' id='word_1_43' title='bbox 1034 1096 1160 1137; x_wconf 86' lang='lat' dir='ltr'>uxorem</span> <span class='ocrx_word' id='word_1_44' title='bbox 1189 1077 1328 1152; x_wconf 88' lang='lat' dir='ltr'>Claudio,</span> <span class='ocrx_word' id='word_1_45' title='bbox 1357 1078 1479 1139; x_wconf 89' lang='lat' dir='ltr'>caelibis</span> <span class='ocrx_word' id='word_1_46' title='bbox 1508 1079 1587 1138; x_wconf 87' lang='lat' dir='ltr'>vitae</span> 
     </span>
     <span class='ocr_line' id='line_1_7' title="bbox 303 1183 1585 1260; baseline 0.002 -19"><span class='ocrx_word' id='word_1_47' title='bbox 303 1183 473 1242; x_wconf 84' lang='lat' dir='ltr'>intoleranti</span> <span class='ocrx_word' id='word_1_48' title='bbox 507 1189 538 1242; x_wconf 90' lang='lat' dir='ltr'>et</span> <span class='ocrx_word' id='word_1_49' title='bbox 565 1184 724 1259; x_wconf 89' lang='lat' dir='ltr'>coniugum</span> <span class='ocrx_word' id='word_1_50' title='bbox 751 1183 885 1260; x_wconf 89' lang='lat' dir='ltr'>imperiis</span> <span class='ocrx_word' id='word_1_51' title='bbox 913 1184 1047 1243; x_wconf 86' lang='lat' dir='ltr'>obnoxie.</span> <span class='ocrx_word' id='word_1_52' title='bbox 1086 1183 1151 1243; x_wconf 92' lang='lat' dir='ltr'>Nee</span> <span class='ocrx_word' id='word_1_53' title='bbox 1178 1183 1291 1243; x_wconf 92' lang='lat' dir='ltr'>minore</span> <span class='ocrx_word' id='word_1_54' title='bbox 1319 1185 1433 1244; x_wconf 91' lang='lat' dir='ltr'>ambitu</span> <span class='ocrx_word' id='word_1_55' title='bbox 1454 1186 1585 1244; x_wconf 85' lang='lat' dir='ltr'>feminae</span> 
     </span>
     <span class='ocr_line' id='line_1_8' title="bbox 302 1290 1588 1369; baseline 0.003 -22"><span class='ocrx_word' id='word_1_56' title='bbox 302 1296 491 1349; x_wconf 84' lang='lat' dir='ltr'>exarserant:</span> <span class='ocrx_word' id='word_1_57' title='bbox 521 1308 605 1348; x_wconf 90' lang='lat' dir='ltr'>suam</span> <span class='ocrx_word' id='word_1_58' title='bbox 632 1306 767 1367; x_wconf 89' lang='lat' dir='ltr'>quaeque</span> <span class='ocrx_word' id='word_1_59' title='bbox 789 1290 974 1350; x_wconf 86' lang='lat' dir='ltr'>nobilitatem</span> <span class='ocrx_word' id='word_1_60' title='bbox 994 1292 1120 1350; x_wconf 86' lang='lat' dir='ltr'>formam</span> <span class='ocrx_word' id='word_1_61' title='bbox 1142 1309 1214 1368; x_wconf 92' lang='lat' dir='ltr'>opes</span> <span class='ocrx_word' id='word_1_62' title='bbox 1236 1292 1416 1351; x_wconf 89' lang='lat' dir='ltr'>contendere</span> <span class='ocrx_word' id='word_1_63' title='bbox 1437 1311 1472 1351; x_wconf 94' lang='lat' dir='ltr'>ac</span> <span class='ocrx_word' id='word_1_64' title='bbox 1497 1292 1588 1369; x_wconf 89' lang='lat' dir='ltr'>digna</span> 
     </span>
     <span class='ocr_line' id='line_1_9' title="bbox 302 1396 1587 1473; baseline 0.002 -19"><span class='ocrx_word' id='word_1_65' title='bbox 302 1400 384 1454; x_wconf 89' lang='lat' dir='ltr'>tanto</span> <span class='ocrx_word' id='word_1_66' title='bbox 410 1396 598 1455; x_wconf 90' lang='lat' dir='ltr'>matrimonio</span> <span class='ocrx_word' id='word_1_67' title='bbox 622 1402 780 1457; x_wconf 88' lang='lat' dir='ltr'>ostentare.</span> <span class='ocrx_word' id='word_1_68' title='bbox 802 1397 862 1457; x_wconf 90' lang='lat' dir='ltr'>Sed</span> <span class='ocrx_word' id='word_1_69' title='bbox 883 1397 1012 1456; x_wconf 83' lang='lat' dir='ltr'>maxime</span> <span class='ocrx_word' id='word_1_70' title='bbox 1033 1397 1239 1473; x_wconf 86' lang='lat' dir='ltr'>ambigebatur</span> <span class='ocrx_word' id='word_1_71' title='bbox 1259 1397 1338 1458; x_wconf 90' lang='lat' dir='ltr'>inter</span> <span class='ocrx_word' id='word_1_72' title='bbox 1359 1397 1488 1457; x_wconf 85' lang='lat' dir='ltr'>Lolliam</span> <span class='ocrx_word' id='word_1_73' title='bbox 1510 1398 1587 1457; x_wconf 84' lang='lat' dir='ltr'>Pau-</span> 
     </span>
     <span class='ocr_line' id='line_1_10' title="bbox 302 1502 1587 1581; baseline 0.003 -21"><span class='ocrx_word' id='word_1_74' title='bbox 302 1502 394 1561; x_wconf 89' lang='lat' dir='ltr'>linam</span> <span class='ocrx_word' id='word_1_75' title='bbox 414 1503 453 1561; x_wconf 89' lang='lat' dir='ltr'>M.</span> <span class='ocrx_word' id='word_1_76' title='bbox 465 1502 555 1562; x_wconf 88' lang='lat' dir='ltr'>Lollii</span> <span class='ocrx_word' id='word_1_77' title='bbox 572 1504 736 1563; x_wconf 88' lang='lat' dir='ltr'>consularis</span> <span class='ocrx_word' id='word_1_78' title='bbox 751 1503 801 1581; x_wconf 83' lang='lat' dir='ltr'>(M.</span> <span class='ocrx_word' id='word_1_79' title='bbox 816 1503 927 1577; x_wconf 89' lang='lat' dir='ltr'>LoMio,</span> <span class='ocrx_word' id='word_1_80' title='bbox 948 1504 1010 1562; x_wconf 92' lang='lat' dir='ltr'>filio</span> <span class='ocrx_word' id='word_1_81' title='bbox 1026 1503 1065 1562; x_wconf 94' lang='lat' dir='ltr'>M.</span> <span class='ocrx_word' id='word_1_82' title='bbox 1079 1503 1169 1563; x_wconf 87' lang='lat' dir='ltr'>Lollii</span> <span class='ocrx_word' id='word_1_83' title='bbox 1184 1505 1350 1563; x_wconf 90' lang='lat' dir='ltr'>consularis</span> <span class='ocrx_word' id='word_1_84' title='bbox 1365 1506 1440 1564; x_wconf 80' lang='lat' dir='ltr'>corii.</span> <span class='ocrx_word' id='word_1_85' title='bbox 1454 1505 1587 1581; x_wconf 79' lang='lat' dir='ltr'>Madoip)</span> 
     </span>
     <span class='ocr_line' id='line_1_11' title="bbox 302 1609 1586 1686; baseline 0.002 -19"><span class='ocrx_word' id='word_1_86' title='bbox 302 1613 333 1668; x_wconf 91' lang='lat' dir='ltr'>et</span> <span class='ocrx_word' id='word_1_87' title='bbox 353 1609 460 1668; x_wconf 92' lang='lat' dir='ltr'>Iuliam</span> <span class='ocrx_word' id='word_1_88' title='bbox 480 1610 676 1686; x_wconf 82' lang='lat' dir='ltr'>Agrippinam</span> <span class='ocrx_word' id='word_1_89' title='bbox 698 1609 873 1669; x_wconf 79' lang='lat' dir='ltr'>Germanico</span> <span class='ocrx_word' id='word_1_90' title='bbox 893 1610 1038 1686; x_wconf 89' lang='lat' dir='ltr'>genitam:</span> <span class='ocrx_word' id='word_1_91' title='bbox 1061 1610 1131 1669; x_wconf 91' lang='lat' dir='ltr'>huic</span> <span class='ocrx_word' id='word_1_92' title='bbox 1152 1610 1267 1684; x_wconf 86' lang='lat' dir='ltr'>Pelles,</span> <span class='ocrx_word' id='word_1_93' title='bbox 1287 1611 1333 1669; x_wconf 92' lang='lat' dir='ltr'>illi</span> <span class='ocrx_word' id='word_1_94' title='bbox 1356 1611 1500 1670; x_wconf 83' lang='lat' dir='ltr'>Callistus</span> <span class='ocrx_word' id='word_1_95' title='bbox 1521 1613 1586 1670; x_wconf 87' lang='lat' dir='ltr'>iau·</span> 
     </span>
     <span class='ocr_line' id='line_1_12' title="bbox 302 1717 1581 1793; baseline 0.003 -19"><span class='ocrx_word' id='word_1_96' title='bbox 302 1721 382 1776; x_wconf 91' lang='lat' dir='ltr'>tores</span> <span class='ocrx_word' id='word_1_97' title='bbox 402 1717 542 1793; x_wconf 72' lang='lat' dir='ltr'>aderant,</span> <span class='ocrx_word' id='word_1_98' title='bbox 570 1721 601 1776; x_wconf 88' lang='lat' dir='ltr'>at</span> <span class='ocrx_word' id='word_1_99' title='bbox 620 1717 706 1776; x_wconf 90' lang='lat' dir='ltr'>Aelia</span> <span class='ocrx_word' id='word_1_100' title='bbox 727 1717 849 1777; x_wconf 90' lang='lat' dir='ltr'>Paetina</span> <span class='ocrx_word' id='word_1_101' title='bbox 870 1736 886 1777; x_wconf 92' lang='lat' dir='ltr'>e</span> <span class='ocrx_word' id='word_1_102' title='bbox 907 1717 1021 1776; x_wconf 87' lang='lat' dir='ltr'>familia</span> <span class='ocrx_word' id='word_1_103' title='bbox 1041 1718 1231 1777; x_wconf 75' lang='lat' dir='ltr'>Tuberonum</span> <span class='ocrx_word' id='word_1_104' title='bbox 1252 1717 1395 1778; x_wconf 85' lang='lat' dir='ltr'>Narcisso</span> <span class='ocrx_word' id='word_1_105' title='bbox 1415 1720 1581 1778; x_wconf 84' lang='lat' dir='ltr'>fovebatur.</span> 
     </span>
     <span class='ocr_line' id='line_1_13' title="bbox 302 1823 1584 1903; baseline 0.002 -22"><span class='ocrx_word' id='word_1_106' title='bbox 302 1823 372 1901; x_wconf 84' lang='lat' dir='ltr'>lpse</span> <span class='ocrx_word' id='word_1_107' title='bbox 392 1825 453 1884; x_wconf 90' lang='lat' dir='ltr'>huc</span> <span class='ocrx_word' id='word_1_108' title='bbox 473 1824 572 1899; x_wconf 90' lang='lat' dir='ltr'>modo,</span> <span class='ocrx_word' id='word_1_109' title='bbox 594 1825 681 1884; x_wconf 92' lang='lat' dir='ltr'>modo</span> <span class='ocrx_word' id='word_1_110' title='bbox 702 1825 789 1899; x_wconf 91' lang='lat' dir='ltr'>illuc,</span> <span class='ocrx_word' id='word_1_111' title='bbox 810 1832 844 1885; x_wconf 91' lang='lat' dir='ltr'>ut</span> <span class='ocrx_word' id='word_1_112' title='bbox 865 1843 1014 1903; x_wconf 90' lang='lat' dir='ltr'>quemque</span> <span class='ocrx_word' id='word_1_113' title='bbox 1029 1825 1220 1885; x_wconf 89' lang='lat' dir='ltr'>suadentium</span> <span class='ocrx_word' id='word_1_114' title='bbox 1233 1824 1384 1898; x_wconf 87' lang='lat' dir='ltr'>audierat,</span> <span class='ocrx_word' id='word_1_115' title='bbox 1406 1832 1584 1902; x_wconf 90' lang='lat' dir='ltr'>promptus,</span> 
     </span>
     <span class='ocr_line' id='line_1_14' title="bbox 303 1930 1585 2009; baseline 0.002 -20"><span class='ocrx_word' id='word_1_116' title='bbox 303 1930 508 1991; x_wconf 89' lang='lat' dir='ltr'>discordantes</span> <span class='ocrx_word' id='word_1_117' title='bbox 532 1932 564 1990; x_wconf 92' lang='lat' dir='ltr'>in</span> <span class='ocrx_word' id='word_1_118' title='bbox 590 1933 746 1992; x_wconf 90' lang='lat' dir='ltr'>consilium</span> <span class='ocrx_word' id='word_1_119' title='bbox 779 1939 863 1992; x_wconf 87' lang='lat' dir='ltr'>vocat</span> <span class='ocrx_word' id='word_1_120' title='bbox 890 1951 926 1991; x_wconf 89' lang='lat' dir='ltr'>ec</span> <span class='ocrx_word' id='word_1_121' title='bbox 955 1950 1090 2009; x_wconf 86' lang='lat' dir='ltr'>promere</span> <span class='ocrx_word' id='word_1_122' title='bbox 1118 1933 1296 1992; x_wconf 84' lang='lat' dir='ltr'>sententiam</span> <span class='ocrx_word' id='word_1_123' title='bbox 1318 1939 1349 1992; x_wconf 91' lang='lat' dir='ltr'>et</span> <span class='ocrx_word' id='word_1_124' title='bbox 1370 1933 1491 1993; x_wconf 90' lang='lat' dir='ltr'>adicere</span> <span class='ocrx_word' id='word_1_125' title='bbox 1513 1933 1585 1992; x_wconf 88' lang='lat' dir='ltr'>rati·</span> 
     </span>
     <span class='ocr_line' id='line_1_15' title="bbox 302 2038 484 2098; baseline 0.011 -2"><span class='ocrx_word' id='word_1_126' title='bbox 302 2055 373 2096; x_wconf 91' lang='lat' dir='ltr'>ones</span> <span class='ocrx_word' id='word_1_127' title='bbox 393 2038 484 2098; x_wconf 90' lang='lat' dir='ltr'>iubet.</span> 
     </span>
    </p>
   </div>
   <div class='ocr_carea' id='block_1_4' title="bbox 301 2236 1585 2896">
    <p class='ocr_par' dir='ltr' id='par_1_4' title="bbox 301 2236 1585 2896">
     <span class='ocr_line' id='line_1_16' title="bbox 302 2236 1584 2303; baseline 0 -15"><span class='ocrx_word' id='word_1_128' title='bbox 302 2239 366 2290; x_wconf 89' lang='lat' dir='ltr'>Aen.</span> <span class='ocrx_word' id='word_1_129' title='bbox 389 2240 448 2289; x_wconf 88' lang='lat' dir='ltr'>Vlll</span> <span class='ocrx_word' id='word_1_130' title='bbox 471 2239 533 2290; x_wconf 83' lang='lat'><strong>577:</strong></span> <span class='ocrx_word' id='word_1_131' title='bbox 554 2242 649 2303; x_wconf 86' lang='lat' dir='ltr'>patior</span> <span class='ocrx_word' id='word_1_132' title='bbox 671 2240 794 2301; x_wconf 85' lang='lat' dir='ltr'>quemvis</span> <span class='ocrx_word' id='word_1_133' title='bbox 811 2239 913 2288; x_wconf 87' lang='lat' dir='ltr'>durare</span> <span class='ocrx_word' id='word_1_134' title='bbox 967 2239 1003 2288; x_wconf 89' lang='lat' dir='ltr'>M.</span> <span class='ocrx_word' id='word_1_135' title='bbox 1024 2239 1106 2288; x_wconf 88' lang='lat' dir='ltr'>Lollio</span> <span class='ocrx_word' id='word_1_136' title='bbox 1124 2239 1182 2302; x_wconf 81' lang='lat' dir='ltr'>filio</span> <span class='ocrx_word' id='word_1_137' title='bbox 1200 2239 1235 2288; x_wconf 89' lang='lat' dir='ltr'>M.</span> <span class='ocrx_word' id='word_1_138' title='bbox 1253 2239 1335 2288; x_wconf 81' lang='lat' dir='ltr'>Lollii</span> <span class='ocrx_word' id='word_1_139' title='bbox 1349 2236 1515 2300; x_wconf 83' lang='lat' dir='ltr'>consularis)</span> <span class='ocrx_word' id='word_1_140' title='bbox 1530 2239 1584 2288; x_wconf 86' lang='lat' dir='ltr'>fuit</span> 
     </span>
     <span class='ocr_line' id='line_1_17' title="bbox 303 2322 1585 2388; baseline -0.002 -15"><span class='ocrx_word' id='word_1_141' title='bbox 303 2325 429 2374; x_wconf 87' lang='lat' dir='ltr'>laborem.</span> <span class='ocrx_word' id='word_1_142' title='bbox 447 2324 548 2374; x_wconf 81' lang='lat' dir='ltr'>Statius</span> <span class='ocrx_word' id='word_1_143' title='bbox 566 2325 627 2374; x_wconf 85' lang='lat' dir='ltr'>Silv.</span> <span class='ocrx_word' id='word_1_144' title='bbox 645 2322 784 2388; x_wconf 78' lang='lat' dir='ltr'>v.u,153:</span> <span class='ocrx_word' id='word_1_145' title='bbox 801 2323 913 2372; x_wconf 80' lang='lat' dir='ltr'>durabis</span> <span class='ocrx_word' id='word_1_146' title='bbox 967 2322 1001 2372; x_wconf 91' lang='lat' dir='ltr'>M.</span> <span class='ocrx_word' id='word_1_147' title='bbox 1042 2323 1141 2373; x_wconf 93' lang='lat' dir='ltr'>Lollius</span> <span class='ocrx_word' id='word_1_148' title='bbox 1177 2323 1331 2386; x_wconf 86' lang='lat' dir='ltr'>ceteroquin</span> <span class='ocrx_word' id='word_1_149' title='bbox 1361 2323 1477 2386; x_wconf 79' lang='lat' dir='ltr'>ignotus</span> <span class='ocrx_word' id='word_1_150' title='bbox 1513 2323 1585 2372; x_wconf 86' lang='lat' dir='ltr'>Avus</span> 
     </span>
     <span class='ocr_line' id='line_1_18' title="bbox 302 2406 1582 2472; baseline -0.002 -13"><span class='ocrx_word' id='word_1_151' title='bbox 302 2425 476 2472; x_wconf 83' lang='lat' dir='ltr'>quascunque</span> <span class='ocrx_word' id='word_1_152' title='bbox 501 2412 565 2459; x_wconf 86' lang='lat' dir='ltr'>vias.</span> <span class='ocrx_word' id='word_1_153' title='bbox 592 2410 627 2460; x_wconf 92' lang='lat' dir='ltr'>Ut</span> <span class='ocrx_word' id='word_1_154' title='bbox 652 2410 749 2458; x_wconf 90' lang='lat' dir='ltr'>dicitur</span> <span class='ocrx_word' id='word_1_155' title='bbox 774 2423 829 2457; x_wconf 83' lang='lat' dir='ltr'>aaa</span> <span class='ocrx_word' id='word_1_156' title='bbox 854 2422 912 2456; x_wconf 88' lang='lat' dir='ltr'>sus·</span> <span class='ocrx_word' id='word_1_157' title='bbox 967 2407 1045 2468; x_wconf 84' lang='lat' dir='ltr'>(Plin.</span> <span class='ocrx_word' id='word_1_158' title='bbox 1078 2409 1108 2458; x_wconf 85' lang='lat' dir='ltr'>li.</span> <span class='ocrx_word' id='word_1_159' title='bbox 1130 2409 1162 2458; x_wconf 91' lang='lat' dir='ltr'>N.</span> <span class='ocrx_word' id='word_1_160' title='bbox 1186 2408 1218 2472; x_wconf 92' lang='grc'>9,</span> <span class='ocrx_word' id='word_1_161' title='bbox 1247 2406 1308 2469; x_wconf 89' lang='grc'>118)</span> <span class='ocrx_word' id='word_1_162' title='bbox 1334 2412 1392 2457; x_wconf 87' lang='lat' dir='ltr'>erat</span> <span class='ocrx_word' id='word_1_163' title='bbox 1418 2407 1452 2457; x_wconf 89' lang='lat' dir='ltr'>M.</span> <span class='ocrx_word' id='word_1_164' title='bbox 1481 2409 1582 2458; x_wconf 90' lang='lat' dir='ltr'>Lollius</span> 
     </span>
     <span class='ocr_line' id='line_1_19' title="bbox 303 2491 1581 2557; baseline -0.001 -15"><span class='ocrx_word' id='word_1_165' title='bbox 303 2495 373 2543; x_wconf 87' lang='lat' dir='ltr'>tiaeo</span> <span class='ocrx_word' id='word_1_166' title='bbox 407 2496 477 2556; x_wconf 85' lang='lat' dir='ltr'>quia</span> <span class='ocrx_word' id='word_1_167' title='bbox 510 2499 580 2544; x_wconf 85' lang='lat' dir='ltr'>recte</span> <span class='ocrx_word' id='word_1_168' title='bbox 615 2495 664 2544; x_wconf 91' lang='lat' dir='ltr'>hoc</span> <span class='ocrx_word' id='word_1_169' title='bbox 697 2496 753 2543; x_wconf 90' lang='lat' dir='ltr'>loco</span> <span class='ocrx_word' id='word_1_170' title='bbox 786 2491 912 2554; x_wconf 87' lang='lat' dir='ltr'>(alterum</span> <span class='ocrx_word' id='word_1_171' title='bbox 966 2507 1017 2542; x_wconf 89' lang='lat' dir='ltr'>cos.</span> <span class='ocrx_word' id='word_1_172' title='bbox 1035 2508 1058 2542; x_wconf 89' lang='lat' dir='ltr'>a.</span> <span class='ocrx_word' id='word_1_173' title='bbox 1076 2491 1181 2557; x_wconf 76' lang='grc'>733191,</span> <span class='ocrx_word' id='word_1_174' title='bbox 1207 2499 1286 2543; x_wconf 89' lang='lat' dir='ltr'>notus</span> <span class='ocrx_word' id='word_1_175' title='bbox 1303 2494 1376 2542; x_wconf 90' lang='lat' dir='ltr'>clade</span> <span class='ocrx_word' id='word_1_176' title='bbox 1393 2508 1408 2541; x_wconf 91' lang='lat' dir='ltr'>a</span> <span class='ocrx_word' id='word_1_177' title='bbox 1425 2492 1581 2556; x_wconf 88' lang='lat' dir='ltr'>Sugambris</span> 
     </span>
     <span class='ocr_line' id='line_1_20' title="bbox 301 2577 1581 2641; baseline 0 -15"><span class='ocrx_word' id='word_1_178' title='bbox 301 2580 453 2640; x_wconf 79' lang='lat' dir='ltr'>exemplum</span> <span class='ocrx_word' id='word_1_179' title='bbox 477 2579 543 2627; x_wconf 86' lang='lat' dir='ltr'>mibi</span> <span class='ocrx_word' id='word_1_180' title='bbox 564 2594 617 2628; x_wconf 91' lang='lat' dir='ltr'>non</span> <span class='ocrx_word' id='word_1_181' title='bbox 634 2584 728 2628; x_wconf 89' lang='lat' dir='ltr'>uotum</span> <span class='ocrx_word' id='word_1_182' title='bbox 746 2577 798 2639; x_wconf 90' lang='lat' dir='ltr'>est)</span> <span class='ocrx_word' id='word_1_183' title='bbox 816 2577 914 2640; x_wconf 84' lang='lat' dir='ltr'>legitur</span> <span class='ocrx_word' id='word_1_184' title='bbox 967 2583 1074 2641; x_wconf 89' lang='lat' dir='ltr'>accepta</span> <span class='ocrx_word' id='word_1_185' title='bbox 1095 2577 1224 2640; x_wconf 87' lang='lat' dir='ltr'>(Velleius</span> <span class='ocrx_word' id='word_1_186' title='bbox 1247 2577 1328 2627; x_wconf 86' lang='lat'>1197.</span> <span class='ocrx_word' id='word_1_187' title='bbox 1346 2577 1405 2626; x_wconf 85' lang='lat' dir='ltr'>Tac.</span> <span class='ocrx_word' id='word_1_188' title='bbox 1424 2577 1493 2626; x_wconf 91' lang='lat' dir='ltr'>Ann.</span> <span class='ocrx_word' id='word_1_189' title='bbox 1513 2577 1581 2627; x_wconf 87' lang='grc'>119.</span> 
     </span>
     <span class='ocr_line' id='line_1_21' title="bbox 302 2661 1581 2728; baseline 0.001 -18"><span class='ocrx_word' id='word_1_190' title='bbox 302 2677 350 2711; x_wconf 87' lang='lat' dir='ltr'>aec</span> <span class='ocrx_word' id='word_1_191' title='bbox 377 2664 479 2713; x_wconf 89' lang='lat' dir='ltr'>durare</span> <span class='ocrx_word' id='word_1_192' title='bbox 506 2667 582 2727; x_wconf 85' lang='lat' dir='ltr'>quia.</span> <span class='ocrx_word' id='word_1_193' title='bbox 609 2664 717 2728; x_wconf 89' lang='lat' dir='ltr'>Saepius</span> <span class='ocrx_word' id='word_1_194' title='bbox 740 2668 831 2714; x_wconf 90' lang='lat' dir='ltr'>autem</span> <span class='ocrx_word' id='word_1_195' title='bbox 851 2678 912 2712; x_wconf 91' lang='lat' dir='ltr'>cum</span> <span class='ocrx_word' id='word_1_196' title='bbox 968 2663 1014 2712; x_wconf 90' lang='lat' dir='ltr'>Dio</span> <span class='ocrx_word' id='word_1_197' title='bbox 1032 2661 1078 2725; x_wconf 80' lang='grc'>51,</span> <span class='ocrx_word' id='word_1_198' title='bbox 1103 2661 1144 2712; x_wconf 77' lang='grc'>90.</span> <span class='ocrx_word' id='word_1_199' title='bbox 1162 2662 1235 2712; x_wconf 89' lang='lat' dir='ltr'>Suet.</span> <span class='ocrx_word' id='word_1_200' title='bbox 1254 2664 1313 2726; x_wconf 88' lang='lat' dir='ltr'>Aug</span> <span class='ocrx_word' id='word_1_201' title='bbox 1330 2661 1373 2724; x_wconf 75' lang='grc'>93)</span> <span class='ocrx_word' id='word_1_202' title='bbox 1392 2667 1419 2711; x_wconf 90' lang='lat' dir='ltr'>et</span> <span class='ocrx_word' id='word_1_203' title='bbox 1437 2661 1497 2712; x_wconf 88' lang='lat' dir='ltr'>Gaii</span> <span class='ocrx_word' id='word_1_204' title='bbox 1515 2662 1581 2712; x_wconf 85' lang='lat' dir='ltr'>Gae-</span> 
     </span>
     <span class='ocr_line' id='line_1_22' title="bbox 301 2744 1584 2813; baseline 0.001 -18"><span class='ocrx_word' id='word_1_205' title='bbox 301 2746 436 2797; x_wconf 84' lang='lat' dir='ltr'>infinitivo</span> <span class='ocrx_word' id='word_1_206' title='bbox 453 2749 564 2812; x_wconf 89' lang='lat' dir='ltr'>legitur,</span> <span class='ocrx_word' id='word_1_207' title='bbox 581 2749 614 2798; x_wconf 88' lang='lat' dir='ltr'>cf.</span> <span class='ocrx_word' id='word_1_208' title='bbox 633 2750 702 2799; x_wconf 88' lang='lat' dir='ltr'>Petr.</span> <span class='ocrx_word' id='word_1_209' title='bbox 714 2749 755 2813; x_wconf 82' lang='grc'>11,</span> <span class='ocrx_word' id='word_1_210' title='bbox 773 2748 796 2797; x_wconf 79' lang='grc'>9,</span> <span class='ocrx_word' id='word_1_211' title='bbox 815 2748 912 2798; x_wconf 89' lang='lat' dir='ltr'>Lucan.</span> <span class='ocrx_word' id='word_1_212' title='bbox 967 2748 1033 2796; x_wconf 91' lang='lat' dir='ltr'>saris</span> <span class='ocrx_word' id='word_1_213' title='bbox 1063 2744 1176 2810; x_wconf 76' lang='lat' dir='ltr'>Augusti</span> <span class='ocrx_word' id='word_1_214' title='bbox 1206 2747 1253 2797; x_wconf 90' lang='lat' dir='ltr'>lilii</span> <span class='ocrx_word' id='word_1_215' title='bbox 1278 2748 1413 2811; x_wconf 89' lang='lat' dir='ltr'>quondam</span> <span class='ocrx_word' id='word_1_216' title='bbox 1438 2762 1527 2797; x_wconf 87' lang='lat' dir='ltr'>comes</span> <span class='ocrx_word' id='word_1_217' title='bbox 1557 2752 1584 2796; x_wconf 90' lang='lat' dir='ltr'>et</span> 
     </span>
     <span class='ocr_line' id='line_1_23' title="bbox 302 2831 1579 2896; baseline 0.002 -18"><span class='ocrx_word' id='word_1_218' title='bbox 302 2831 410 2880; x_wconf 77' lang='grc'>111519.</span> <span class='ocrx_word' id='word_1_219' title='bbox 428 2831 473 2882; x_wconf 88' lang='lat' dir='ltr'>Sil.</span> <span class='ocrx_word' id='word_1_220' title='bbox 492 2834 522 2882; x_wconf 90' lang='lat' dir='ltr'>lt.</span> <span class='ocrx_word' id='word_1_221' title='bbox 540 2832 637 2883; x_wconf 83' lang='grc'>11675,</span> <span class='ocrx_word' id='word_1_222' title='bbox 655 2834 691 2883; x_wconf 82' lang='grc'>711</span> <span class='ocrx_word' id='word_1_223' title='bbox 709 2834 748 2884; x_wconf 90' lang='lat'>75.</span> <span class='ocrx_word' id='word_1_224' title='bbox 967 2838 1065 2896; x_wconf 88' lang='lat' dir='ltr'>rector,</span> <span class='ocrx_word' id='word_1_225' title='bbox 1089 2833 1165 2882; x_wconf 90' lang='lat' dir='ltr'>cuius</span> <span class='ocrx_word' id='word_1_226' title='bbox 1189 2833 1305 2881; x_wconf 89' lang='lat' dir='ltr'>amicitia</span> <span class='ocrx_word' id='word_1_227' title='bbox 1327 2847 1388 2881; x_wconf 89' lang='lat' dir='ltr'>cum</span> <span class='ocrx_word' id='word_1_228' title='bbox 1406 2832 1579 2882; x_wconf 87' lang='lat' dir='ltr'>interdictum</span> 
     </span>
    </p>
   </div>
   <div class='ocr_carea' id='block_1_5' title="bbox 299 2916 913 4931">
    <p class='ocr_par' dir='ltr' id='par_1_5' title="bbox 300 2916 913 3829">
     <span class='ocr_line' id='line_1_24' title="bbox 335 2916 913 2982; baseline 0.005 -17"><span class='ocrx_word' id='word_1_229' title='bbox 335 2916 540 2967; x_wconf 80' lang='lat' dir='ltr'>conditionibus.</span> <span class='ocrx_word' id='word_1_230' title='bbox 564 2933 598 2968; x_wconf 92' lang='lat' dir='ltr'>sc.</span> <span class='ocrx_word' id='word_1_231' title='bbox 621 2919 733 2982; x_wconf 86' lang='lat' dir='ltr'>uxoriis,</span> <span class='ocrx_word' id='word_1_232' title='bbox 755 2920 788 2968; x_wconf 82' lang='lat' dir='ltr'>cf.</span> <span class='ocrx_word' id='word_1_233' title='bbox 812 2918 863 2969; x_wconf 85' lang='lat' dir='ltr'>Cic.</span> <span class='ocrx_word' id='word_1_234' title='bbox 881 2921 913 2969; x_wconf 87' lang='lat' dir='ltr'>de</span> 
     </span>
     <span class='ocr_line' id='line_1_25' title="bbox 301 2999 913 3064; baseline 0.008 -15"><span class='ocrx_word' id='word_1_235' title='bbox 301 3001 376 3050; x_wconf 89' lang='lat' dir='ltr'>amic.</span> <span class='ocrx_word' id='word_1_236' title='bbox 394 2999 439 3050; x_wconf 72' lang='lat'>34:</span> <span class='ocrx_word' id='word_1_237' title='bbox 457 3003 555 3052; x_wconf 80' lang='lat' dir='ltr'>dirimi</span> <span class='ocrx_word' id='word_1_238' title='bbox 571 3001 700 3064; x_wconf 87' lang='lat' dir='ltr'>(amores)</span> <span class='ocrx_word' id='word_1_239' title='bbox 719 3012 810 3054; x_wconf 86' lang='lat' dir='ltr'>tamen</span> <span class='ocrx_word' id='word_1_240' title='bbox 826 3006 913 3054; x_wconf 86' lang='lat' dir='ltr'>iuter-</span> 
     </span>
     <span class='ocr_line' id='line_1_26' title="bbox 301 3087 913 3139; baseline 0.007 -5"><span class='ocrx_word' id='word_1_241' title='bbox 301 3087 368 3134; x_wconf 91' lang='lat' dir='ltr'>dum</span> <span class='ocrx_word' id='word_1_242' title='bbox 385 3089 554 3138; x_wconf 80' lang='lat' dir='ltr'>contentione</span> <span class='ocrx_word' id='word_1_243' title='bbox 570 3090 611 3137; x_wconf 85' lang='lat' dir='ltr'>uel</span> <span class='ocrx_word' id='word_1_244' title='bbox 627 3091 742 3139; x_wconf 82' lang='lat' dir='ltr'>uxoriae</span> <span class='ocrx_word' id='word_1_245' title='bbox 751 3091 913 3139; x_wconf 80' lang='lat' dir='ltr'>conditionis</span> 
     </span>
     <span class='ocr_line' id='line_1_27' title="bbox 301 3172 913 3237; baseline 0.008 -18"><span class='ocrx_word' id='word_1_246' title='bbox 301 3172 342 3220; x_wconf 88' lang='lat' dir='ltr'>uel</span> <span class='ocrx_word' id='word_1_247' title='bbox 353 3172 488 3220; x_wconf 89' lang='lat' dir='ltr'>commodi</span> <span class='ocrx_word' id='word_1_248' title='bbox 502 3173 626 3222; x_wconf 81' lang='lat' dir='ltr'>alicuius.</span> <span class='ocrx_word' id='word_1_249' title='bbox 639 3173 749 3236; x_wconf 87' lang='lat' dir='ltr'>Saepius</span> <span class='ocrx_word' id='word_1_250' title='bbox 761 3175 830 3237; x_wconf 88' lang='lat' dir='ltr'>apud</span> <span class='ocrx_word' id='word_1_251' title='bbox 840 3175 913 3224; x_wconf 90' lang='lat' dir='ltr'>Suet.</span> 
     </span>
     <span class='ocr_line' id='line_1_28' title="bbox 301 3255 912 3319; baseline 0.01 -16"><span class='ocrx_word' id='word_1_252' title='bbox 301 3256 412 3319; x_wconf 90' lang='lat' dir='ltr'>legitur,</span> <span class='ocrx_word' id='word_1_253' title='bbox 429 3257 462 3305; x_wconf 84' lang='lat' dir='ltr'>cl.</span> <span class='ocrx_word' id='word_1_254' title='bbox 480 3255 552 3306; x_wconf 83' lang='lat' dir='ltr'>Caes.</span> <span class='ocrx_word' id='word_1_255' title='bbox 570 3257 616 3307; x_wconf 79' lang='lat' dir='ltr'>at:</span> <span class='ocrx_word' id='word_1_256' title='bbox 645 3258 912 3309; x_wconf 84' lang='lat' dir='ltr'>Octaviam—ceadi-</span> 
     </span>
     <span class='ocr_line' id='line_1_29' title="bbox 303 3341 912 3407; baseline 0.007 -18"><span class='ocrx_word' id='word_1_257' title='bbox 303 3341 403 3390; x_wconf 88' lang='lat' dir='ltr'>tiouem</span> <span class='ocrx_word' id='word_1_258' title='bbox 411 3342 436 3390; x_wconf 91' lang='lat' dir='ltr'>ei</span> <span class='ocrx_word' id='word_1_259' title='bbox 445 3343 549 3392; x_wconf 86' lang='lat' dir='ltr'>detulit.</span> <span class='ocrx_word' id='word_1_260' title='bbox 567 3341 688 3406; x_wconf 69' lang='lat' dir='ltr'>Angue:</span> <span class='ocrx_word' id='word_1_261' title='bbox 706 3345 912 3407; x_wconf 86' lang='lat' dir='ltr'>multisaediu,</span> 
     </span>
     <span class='ocr_line' id='line_1_30' title="bbox 301 3427 912 3491; baseline 0.007 -17"><span class='ocrx_word' id='word_1_262' title='bbox 301 3427 385 3475; x_wconf 90' lang='lat' dir='ltr'>etiam</span> <span class='ocrx_word' id='word_1_263' title='bbox 408 3441 441 3475; x_wconf 85' lang='lat' dir='ltr'>erc</span> <span class='ocrx_word' id='word_1_264' title='bbox 464 3429 583 3489; x_wconf 75' lang='lat' dir='ltr'>equestri</span> <span class='ocrx_word' id='word_1_265' title='bbox 608 3429 717 3491; x_wconf 80' lang='lat' dir='ltr'>ordine,</span> <span class='ocrx_word' id='word_1_266' title='bbox 739 3429 912 3491; x_wconf 80' lang='lat' dir='ltr'>circuirispec-</span> 
     </span>
     <span class='ocr_line' id='line_1_31' title="bbox 302 3512 913 3577; baseline 0.007 -18"><span class='ocrx_word' id='word_1_267' title='bbox 302 3512 336 3559; x_wconf 86' lang='lat' dir='ltr'>tis</span> <span class='ocrx_word' id='word_1_268' title='bbox 358 3512 570 3575; x_wconf 75' lang='lat' dir='ltr'>conditionibus,</span> <span class='ocrx_word' id='word_1_269' title='bbox 597 3513 734 3562; x_wconf 84' lang='lat' dir='ltr'>Tiberium</span> <span class='ocrx_word' id='word_1_270' title='bbox 751 3515 913 3577; x_wconf 79' lang='lat' dir='ltr'>priuipaum</span> 
     </span>
     <span class='ocr_line' id='line_1_32' title="bbox 300 3595 913 3657; baseline 0.007 -13"><span class='ocrx_word' id='word_1_271' title='bbox 300 3610 381 3645; x_wconf 88' lang='lat' dir='ltr'>suum</span> <span class='ocrx_word' id='word_1_272' title='bbox 399 3597 471 3657; x_wconf 79' lang='lat' dir='ltr'>lepit.</span> <span class='ocrx_word' id='word_1_273' title='bbox 490 3595 564 3647; x_wconf 89' lang='lat' dir='ltr'>Galb.</span> <span class='ocrx_word' id='word_1_274' title='bbox 582 3597 611 3646; x_wconf 83' lang='lat'>5:</span> <span class='ocrx_word' id='word_1_275' title='bbox 635 3600 769 3648; x_wconf 80' lang='lat' dir='ltr'>remansit</span> <span class='ocrx_word' id='word_1_276' title='bbox 785 3600 815 3648; x_wconf 87' lang='lat' dir='ltr'>iu</span> <span class='ocrx_word' id='word_1_277' title='bbox 832 3600 913 3648; x_wconf 90' lang='lat' dir='ltr'>caeli-</span> 
     </span>
     <span class='ocr_line' id='line_1_33' title="bbox 302 3681 913 3744; baseline 0.008 -16"><span class='ocrx_word' id='word_1_278' title='bbox 302 3681 380 3744; x_wconf 86' lang='lat' dir='ltr'>batu,</span> <span class='ocrx_word' id='word_1_279' title='bbox 406 3696 494 3744; x_wconf 85' lang='lat' dir='ltr'>aeque</span> <span class='ocrx_word' id='word_1_280' title='bbox 515 3683 657 3732; x_wconf 86' lang='lat' dir='ltr'>sollicitari</span> <span class='ocrx_word' id='word_1_281' title='bbox 680 3684 737 3732; x_wconf 88' lang='lat' dir='ltr'>ulla</span> <span class='ocrx_word' id='word_1_282' title='bbox 760 3685 913 3733; x_wconf 78' lang='lat' dir='ltr'>conditione</span> 
     </span>
     <span class='ocr_line' id='line_1_34' title="bbox 300 3767 536 3829; baseline 0.008 -15"><span class='ocrx_word' id='word_1_283' title='bbox 300 3767 421 3828; x_wconf 88' lang='lat' dir='ltr'>amplius</span> <span class='ocrx_word' id='word_1_284' title='bbox 437 3769 536 3829; x_wconf 89' lang='lat' dir='ltr'>potuit.</span> 
     </span>
    </p>

    <p class='ocr_par' dir='ltr' id='par_1_6' title="bbox 300 3851 913 4577">
     <span class='ocr_line' id='line_1_35' title="bbox 333 3851 911 3915; baseline 0.002 -16"><span class='ocrx_word' id='word_1_285' title='bbox 333 3851 472 3901; x_wconf 77' lang='lat' dir='ltr'>Paetinae.</span> <span class='ocrx_word' id='word_1_286' title='bbox 486 3853 518 3901; x_wconf 88' lang='lat' dir='ltr'>de</span> <span class='ocrx_word' id='word_1_287' title='bbox 530 3852 579 3902; x_wconf 88' lang='lat' dir='ltr'>hac</span> <span class='ocrx_word' id='word_1_288' title='bbox 588 3853 646 3901; x_wconf 91' lang='lat' dir='ltr'>vide</span> <span class='ocrx_word' id='word_1_289' title='bbox 656 3867 735 3915; x_wconf 88' lang='lat' dir='ltr'>supra</span> <span class='ocrx_word' id='word_1_290' title='bbox 744 3868 767 3915; x_wconf 89' lang='lat' dir='ltr'>p.</span> <span class='ocrx_word' id='word_1_291' title='bbox 776 3851 833 3901; x_wconf 77' lang='lat' dir='ltr'>iae.</span> <span class='ocrx_word' id='word_1_292' title='bbox 843 3853 861 3900; x_wconf 91' lang='lat' dir='ltr'>F</span> <span class='ocrx_word' id='word_1_293' title='bbox 863 3867 911 3900; x_wconf 91' lang='lat' dir='ltr'>au-</span> 
     </span>
     <span class='ocr_line' id='line_1_36' title="bbox 301 3935 911 4000; baseline 0.003 -16"><span class='ocrx_word' id='word_1_294' title='bbox 301 3940 342 3984; x_wconf 87' lang='lat' dir='ltr'>tor</span> <span class='ocrx_word' id='word_1_295' title='bbox 351 3936 408 3985; x_wconf 86' lang='lat' dir='ltr'>eius</span> <span class='ocrx_word' id='word_1_296' title='bbox 417 3941 475 3986; x_wconf 89' lang='lat' dir='ltr'>erat</span> <span class='ocrx_word' id='word_1_297' title='bbox 482 3937 627 4000; x_wconf 87' lang='lat' dir='ltr'>Narcissus,</span> <span class='ocrx_word' id='word_1_298' title='bbox 636 3937 668 3986; x_wconf 88' lang='lat' dir='ltr'>cf.</span> <span class='ocrx_word' id='word_1_299' title='bbox 678 3937 736 3986; x_wconf 80' lang='lat' dir='ltr'>Pac.</span> <span class='ocrx_word' id='word_1_300' title='bbox 747 3935 814 3986; x_wconf 85' lang='lat' dir='ltr'>Ann.</span> <span class='ocrx_word' id='word_1_301' title='bbox 824 3937 871 3986; x_wconf 86' lang='lat' dir='ltr'>llll</span> <span class='ocrx_word' id='word_1_302' title='bbox 883 3936 911 3986; x_wconf 76' lang='lat'>2:</span> 
     </span>
     <span class='ocr_line' id='line_1_37' title="bbox 300 4020 913 4085; baseline 0.003 -17"><span class='ocrx_word' id='word_1_303' title='bbox 300 4020 444 4070; x_wconf 80' lang='lat' dir='ltr'>Narcissus</span> <span class='ocrx_word' id='word_1_304' title='bbox 468 4027 543 4070; x_wconf 85' lang='lat' dir='ltr'>oetas</span> <span class='ocrx_word' id='word_1_305' title='bbox 568 4024 792 4085; x_wconf 80' lang='lat' dir='ltr'>matrimonium,</span> <span class='ocrx_word' id='word_1_306' title='bbox 824 4022 913 4084; x_wconf 74' lang='lat' dir='ltr'>filiam</span> 
     </span>
     <span class='ocr_line' id='line_1_38' title="bbox 300 4102 912 4166; baseline 0.003 -13"><span class='ocrx_word' id='word_1_307' title='bbox 300 4119 472 4156; x_wconf 83' lang='lat' dir='ltr'>cooimauem</span> <span class='ocrx_word' id='word_1_308' title='bbox 501 4102 579 4166; x_wconf 84' lang='lat' dir='ltr'>(uam</span> <span class='ocrx_word' id='word_1_309' title='bbox 599 4106 721 4155; x_wconf 84' lang='lat' dir='ltr'>Antonia</span> <span class='ocrx_word' id='word_1_310' title='bbox 738 4122 771 4156; x_wconf 83' lang='lat' dir='ltr'>err</span> <span class='ocrx_word' id='word_1_311' title='bbox 796 4106 912 4155; x_wconf 85' lang='lat' dir='ltr'>Paetina</span> 
     </span>
     <span class='ocr_line' id='line_1_39' title="bbox 300 4188 912 4253; baseline 0 -15"><span class='ocrx_word' id='word_1_312' title='bbox 300 4188 384 4253; x_wconf 86' lang='lat' dir='ltr'>crat),</span> <span class='ocrx_word' id='word_1_313' title='bbox 409 4190 482 4239; x_wconf 79' lang='lat' dir='ltr'>nibil</span> <span class='ocrx_word' id='word_1_314' title='bbox 507 4191 537 4238; x_wconf 88' lang='lat' dir='ltr'>iu</span> <span class='ocrx_word' id='word_1_315' title='bbox 560 4191 704 4252; x_wconf 84' lang='lat' dir='ltr'>pareatibus</span> <span class='ocrx_word' id='word_1_316' title='bbox 730 4191 787 4239; x_wconf 89' lang='lat' dir='ltr'>eius</span> <span class='ocrx_word' id='word_1_317' title='bbox 813 4204 912 4239; x_wconf 81' lang='lat' dir='ltr'>aarum</span> 
     </span>
     <span class='ocr_line' id='line_1_40' title="bbox 300 4275 913 4338; baseline 0.002 -16"><span class='ocrx_word' id='word_1_318' title='bbox 300 4275 463 4338; x_wconf 84' lang='lat' dir='ltr'>disserebat,</span> <span class='ocrx_word' id='word_1_319' title='bbox 480 4276 504 4323; x_wconf 91' lang='lat' dir='ltr'>si</span> <span class='ocrx_word' id='word_1_320' title='bbox 519 4281 595 4324; x_wconf 89' lang='lat' dir='ltr'>sueta</span> <span class='ocrx_word' id='word_1_321' title='bbox 604 4276 705 4324; x_wconf 73' lang='lat' dir='ltr'>couiucc</span> <span class='ocrx_word' id='word_1_322' title='bbox 713 4275 829 4338; x_wconf 85' lang='lat' dir='ltr'>rediret,</span> <span class='ocrx_word' id='word_1_323' title='bbox 839 4275 913 4323; x_wconf 81' lang='lat' dir='ltr'>baud</span> 
     </span>
     <span class='ocr_line' id='line_1_41' title="bbox 301 4351 912 4422; baseline 0.003 -16"><span class='ocrx_word' id='word_1_324' title='bbox 301 4351 448 4422; x_wconf 86' lang='lat' dir='ltr'>quaquam</span> <span class='ocrx_word' id='word_1_325' title='bbox 457 4360 644 4409; x_wconf 80' lang='lat' dir='ltr'>nouercalibus</span> <span class='ocrx_word' id='word_1_326' title='bbox 661 4360 731 4408; x_wconf 86' lang='lat' dir='ltr'>odiis</span> <span class='ocrx_word' id='word_1_327' title='bbox 742 4360 835 4408; x_wconf 87' lang='lat' dir='ltr'>uisura</span> <span class='ocrx_word' id='word_1_328' title='bbox 847 4360 912 4408; x_wconf 87' lang='lat' dir='ltr'>Bri-</span> 
     </span>
     <span class='ocr_line' id='line_1_42' title="bbox 302 4443 912 4507; baseline 0.002 -16"><span class='ocrx_word' id='word_1_329' title='bbox 302 4444 451 4507; x_wconf 84' lang='lat' dir='ltr'>tarmicum,</span> <span class='ocrx_word' id='word_1_330' title='bbox 469 4443 616 4507; x_wconf 86' lang='lat' dir='ltr'>Octauium,</span> <span class='ocrx_word' id='word_1_331' title='bbox 631 4445 761 4507; x_wconf 76' lang='lat' dir='ltr'>proxima</span> <span class='ocrx_word' id='word_1_332' title='bbox 778 4445 834 4493; x_wconf 88' lang='lat' dir='ltr'>suis</span> <span class='ocrx_word' id='word_1_333' title='bbox 851 4445 912 4506; x_wconf 76' lang='lat' dir='ltr'>uip-</span> 
     </span>
     <span class='ocr_line' id='line_1_43' title="bbox 300 4542 377 4577; baseline -0.013 0"><span class='ocrx_word' id='word_1_334' title='bbox 300 4542 377 4577; x_wconf 82' lang='lat' dir='ltr'>uara.</span> 
     </span>
    </p>

    <p class='ocr_par' dir='ltr' id='par_1_7' title="bbox 299 4610 912 4931">
     <span class='ocr_line' id='line_1_44' title="bbox 333 4610 912 4676; baseline -0.003 -13"><span class='ocrx_word' id='word_1_335' title='bbox 333 4615 437 4663; x_wconf 82' lang='lat' dir='ltr'>Lolliae</span> <span class='ocrx_word' id='word_1_336' title='bbox 470 4613 612 4663; x_wconf 80' lang='lat' dir='ltr'>Paulinae.</span> <span class='ocrx_word' id='word_1_337' title='bbox 645 4618 719 4676; x_wconf 88' lang='lat' dir='ltr'>pater</span> <span class='ocrx_word' id='word_1_338' title='bbox 743 4610 817 4674; x_wconf 83' lang='lat' dir='ltr'>(nam</span> <span class='ocrx_word' id='word_1_339' title='bbox 843 4613 912 4675; x_wconf 89' lang='lat' dir='ltr'>apud</span> 
     </span>
     <span class='ocr_line' id='line_1_45' title="bbox 300 4697 911 4748; baseline -0.003 -1"><span class='ocrx_word' id='word_1_340' title='bbox 300 4699 358 4748; x_wconf 85' lang='lat' dir='ltr'>Tac.</span> <span class='ocrx_word' id='word_1_341' title='bbox 394 4699 461 4747; x_wconf 90' lang='lat' dir='ltr'>Ann.</span> <span class='ocrx_word' id='word_1_342' title='bbox 493 4698 541 4747; x_wconf 87' lang='lat' dir='ltr'>llll</span> <span class='ocrx_word' id='word_1_343' title='bbox 570 4697 584 4747; x_wconf 92' lang='grc'>1</span> <span class='ocrx_word' id='word_1_344' title='bbox 613 4698 690 4747; x_wconf 87' lang='lat' dir='ltr'>lectio</span> <span class='ocrx_word' id='word_1_345' title='bbox 721 4697 841 4746; x_wconf 90' lang='lat' dir='ltr'>codicum</span> <span class='ocrx_word' id='word_1_346' title='bbox 876 4697 911 4746; x_wconf 87' lang='lat' dir='ltr'>M.</span> 
     </span>
     <span class='ocr_line' id='line_1_46' title="bbox 303 4783 911 4844; baseline -0.005 -11"><span class='ocrx_word' id='word_1_347' title='bbox 303 4783 379 4833; x_wconf 87' lang='lat' dir='ltr'>Lollii</span> <span class='ocrx_word' id='word_1_348' title='bbox 421 4785 572 4832; x_wconf 87' lang='lat' dir='ltr'>coasularis</span> <span class='ocrx_word' id='word_1_349' title='bbox 615 4787 685 4832; x_wconf 90' lang='lat' dir='ltr'>stare</span> <span class='ocrx_word' id='word_1_350' title='bbox 728 4783 769 4830; x_wconf 84' lang='lat' dir='ltr'>vix</span> <span class='ocrx_word' id='word_1_351' title='bbox 813 4786 911 4844; x_wconf 86' lang='lat' dir='ltr'>potest,</span> 
     </span>
     <span class='ocr_line' id='line_1_47' title="bbox 299 4868 912 4931; baseline -0.002 -14"><span class='ocrx_word' id='word_1_352' title='bbox 299 4869 522 4931; x_wconf 85' lang='lat' dir='ltr'>scribendumque</span> <span class='ocrx_word' id='word_1_353' title='bbox 551 4869 657 4917; x_wconf 81' lang='lat' dir='ltr'>ridetur</span> <span class='ocrx_word' id='word_1_354' title='bbox 683 4883 743 4917; x_wconf 89' lang='lat' dir='ltr'>cum</span> <span class='ocrx_word' id='word_1_355' title='bbox 769 4868 912 4930; x_wconf 88' lang='lat' dir='ltr'>Madvigio:</span> 
     </span>
    </p>
   </div>
   <div class='ocr_carea' id='block_1_6' title="bbox 966 2915 1584 4927">
    <p class='ocr_par' dir='ltr' id='par_1_8' title="bbox 967 2915 1583 3573">
     <span class='ocr_line' id='line_1_48' title="bbox 968 2915 1583 2980; baseline -0.003 -14"><span class='ocrx_word' id='word_1_356' title='bbox 968 2918 991 2966; x_wconf 87' lang='lat' dir='ltr'>ci</span> <span class='ocrx_word' id='word_1_357' title='bbox 1017 2922 1099 2980; x_wconf 86' lang='lat' dir='ltr'>esset,</span> <span class='ocrx_word' id='word_1_358' title='bbox 1122 2917 1177 2979; x_wconf 90' lang='lat' dir='ltr'>ipse</span> <span class='ocrx_word' id='word_1_359' title='bbox 1200 2931 1228 2966; x_wconf 91' lang='lat' dir='ltr'>se</span> <span class='ocrx_word' id='word_1_360' title='bbox 1250 2916 1388 2964; x_wconf 85' lang='lat' dir='ltr'>interemit</span> <span class='ocrx_word' id='word_1_361' title='bbox 1408 2915 1539 2976; x_wconf 87' lang='lat' dir='ltr'>(Velleius</span> <span class='ocrx_word' id='word_1_362' title='bbox 1560 2917 1583 2964; x_wconf 92' lang='lat' dir='ltr'>ll</span> 
     </span>
     <span class='ocr_line' id='line_1_49' title="bbox 967 3000 1582 3052; baseline 0 0"><span class='ocrx_word' id='word_1_363' title='bbox 967 3001 1024 3052; x_wconf 60' lang='lat'>¹102.</span> <span class='ocrx_word' id='word_1_364' title='bbox 1042 3003 1109 3052; x_wconf 90' lang='lat' dir='ltr'>Plin.</span> <span class='ocrx_word' id='word_1_365' title='bbox 1128 3003 1144 3050; x_wconf 92' lang='lat' dir='ltr'>l.</span> <span class='ocrx_word' id='word_1_366' title='bbox 1154 3004 1170 3051; x_wconf 98' lang='lat' dir='ltr'>l.</span> <span class='ocrx_word' id='word_1_367' title='bbox 1188 3001 1247 3051; x_wconf 84' lang='lat' dir='ltr'>Tac.</span> <span class='ocrx_word' id='word_1_368' title='bbox 1266 3002 1334 3051; x_wconf 91' lang='lat' dir='ltr'>Ann.</span> <span class='ocrx_word' id='word_1_369' title='bbox 1345 3002 1380 3050; x_wconf 92' lang='lat' dir='ltr'>lll</span> <span class='ocrx_word' id='word_1_370' title='bbox 1393 3000 1432 3051; x_wconf 65' lang='lat'>48.</span> <span class='ocrx_word' id='word_1_371' title='bbox 1443 3001 1517 3051; x_wconf 88' lang='lat' dir='ltr'>Suet.</span> <span class='ocrx_word' id='word_1_372' title='bbox 1528 3001 1582 3052; x_wconf 86' lang='lat' dir='ltr'>Tib.</span> 
     </span>
     <span class='ocr_line' id='line_1_50' title="bbox 967 3085 1582 3147; baseline 0 -13"><span class='ocrx_word' id='word_1_373' title='bbox 967 3085 1020 3147; x_wconf 76' lang='grc'>191.</span> <span class='ocrx_word' id='word_1_374' title='bbox 1045 3086 1130 3136; x_wconf 87' lang='lat' dir='ltr'>Mater</span> <span class='ocrx_word' id='word_1_375' title='bbox 1154 3087 1205 3135; x_wconf 85' lang='lat' dir='ltr'>fuit</span> <span class='ocrx_word' id='word_1_376' title='bbox 1228 3085 1349 3147; x_wconf 89' lang='lat' dir='ltr'>Volusia,</span> <span class='ocrx_word' id='word_1_377' title='bbox 1375 3085 1429 3135; x_wconf 85' lang='lat' dir='ltr'>filia</span> <span class='ocrx_word' id='word_1_378' title='bbox 1446 3086 1474 3135; x_wconf 90' lang='lat' dir='ltr'>L.</span> <span class='ocrx_word' id='word_1_379' title='bbox 1494 3086 1582 3135; x_wconf 89' lang='lat' dir='ltr'>Volusi</span> 
     </span>
     <span class='ocr_line' id='line_1_51' title="bbox 968 3167 1582 3232; baseline -0.002 -11"><span class='ocrx_word' id='word_1_380' title='bbox 968 3171 1104 3221; x_wconf 86' lang='lat' dir='ltr'>Saturnini</span> <span class='ocrx_word' id='word_1_381' title='bbox 1131 3186 1181 3221; x_wconf 89' lang='lat' dir='ltr'>cos.</span> <span class='ocrx_word' id='word_1_382' title='bbox 1205 3172 1264 3220; x_wconf 82' lang='lat' dir='ltr'>suli.</span> <span class='ocrx_word' id='word_1_383' title='bbox 1282 3186 1305 3220; x_wconf 89' lang='lat' dir='ltr'>a.</span> <span class='ocrx_word' id='word_1_384' title='bbox 1326 3167 1432 3232; x_wconf 75' lang='grc'>719119,</span> <span class='ocrx_word' id='word_1_385' title='bbox 1459 3186 1533 3220; x_wconf 90' lang='lat' dir='ltr'>soror</span> <span class='ocrx_word' id='word_1_386' title='bbox 1556 3171 1582 3220; x_wconf 94' lang='lat' dir='ltr'>L.</span> 
     </span>
     <span class='ocr_line' id='line_1_52' title="bbox 968 3253 1583 3319; baseline 0 -15"><span class='ocrx_word' id='word_1_387' title='bbox 968 3255 1068 3305; x_wconf 84' lang='lat' dir='ltr'>Volusii</span> <span class='ocrx_word' id='word_1_388' title='bbox 1099 3255 1237 3305; x_wconf 89' lang='lat' dir='ltr'>Saturnini</span> <span class='ocrx_word' id='word_1_389' title='bbox 1268 3271 1318 3305; x_wconf 85' lang='lat' dir='ltr'>cos</span> <span class='ocrx_word' id='word_1_390' title='bbox 1346 3257 1405 3305; x_wconf 82' lang='lat' dir='ltr'>suli.</span> <span class='ocrx_word' id='word_1_391' title='bbox 1435 3271 1457 3304; x_wconf 89' lang='lat' dir='ltr'>a.</span> <span class='ocrx_word' id='word_1_392' title='bbox 1489 3253 1583 3319; x_wconf 84' lang='grc'>75613,</span> 
     </span>
     <span class='ocr_line' id='line_1_53' title="bbox 968 3339 1583 3404; baseline 0 -16"><span class='ocrx_word' id='word_1_393' title='bbox 968 3341 1015 3404; x_wconf 93' lang='lat' dir='ltr'>qui</span> <span class='ocrx_word' id='word_1_394' title='bbox 1041 3340 1091 3390; x_wconf 93' lang='lat' dir='ltr'>sub</span> <span class='ocrx_word' id='word_1_395' title='bbox 1114 3339 1223 3389; x_wconf 87' lang='lat' dir='ltr'>Claudio</span> <span class='ocrx_word' id='word_1_396' title='bbox 1244 3354 1288 3402; x_wconf 92' lang='lat' dir='ltr'>per</span> <span class='ocrx_word' id='word_1_397' title='bbox 1301 3344 1388 3389; x_wconf 89' lang='lat' dir='ltr'>totum</span> <span class='ocrx_word' id='word_1_398' title='bbox 1407 3340 1583 3403; x_wconf 87' lang='lat' dir='ltr'>principatum</span> 
     </span>
     <span class='ocr_line' id='line_1_54' title="bbox 968 3424 1582 3487; baseline 0 -14"><span class='ocrx_word' id='word_1_399' title='bbox 968 3425 1117 3487; x_wconf 87' lang='lat' dir='ltr'>praefectus</span> <span class='ocrx_word' id='word_1_400' title='bbox 1140 3424 1200 3473; x_wconf 88' lang='lat' dir='ltr'>urbi</span> <span class='ocrx_word' id='word_1_401' title='bbox 1223 3424 1305 3472; x_wconf 85' lang='lat' dir='ltr'>fuisse</span> <span class='ocrx_word' id='word_1_402' title='bbox 1329 3424 1446 3487; x_wconf 85' lang='lat' dir='ltr'>videtur,</span> <span class='ocrx_word' id='word_1_403' title='bbox 1464 3424 1497 3473; x_wconf 86' lang='lat' dir='ltr'>cf.</span> <span class='ocrx_word' id='word_1_404' title='bbox 1516 3425 1582 3474; x_wconf 89' lang='lat' dir='ltr'>Plin.</span> 
     </span>
     <span class='ocr_line' id='line_1_55' title="bbox 969 3507 1435 3573; baseline -0.002 -14"><span class='ocrx_word' id='word_1_405' title='bbox 969 3511 998 3559; x_wconf 86' lang='lat' dir='ltr'>H.</span> <span class='ocrx_word' id='word_1_406' title='bbox 1023 3509 1056 3559; x_wconf 86' lang='lat' dir='ltr'>N.</span> <span class='ocrx_word' id='word_1_407' title='bbox 1075 3509 1102 3573; x_wconf 85' lang='lat'>7,</span> <span class='ocrx_word' id='word_1_408' title='bbox 1120 3508 1161 3558; x_wconf 75' lang='lat'>62.</span> <span class='ocrx_word' id='word_1_409' title='bbox 1180 3508 1206 3558; x_wconf 87' lang='lat' dir='ltr'>C.</span> <span class='ocrx_word' id='word_1_410' title='bbox 1226 3509 1244 3557; x_wconf 87' lang='lat'>1.</span> <span class='ocrx_word' id='word_1_411' title='bbox 1263 3508 1290 3558; x_wconf 90' lang='lat' dir='ltr'>L.</span> <span class='ocrx_word' id='word_1_412' title='bbox 1308 3509 1344 3557; x_wconf 92' lang='lat' dir='ltr'>lll</span> <span class='ocrx_word' id='word_1_413' title='bbox 1362 3507 1435 3558; x_wconf 77' lang='grc'>9976.</span> 
     </span>
    </p>

    <p class='ocr_par' dir='ltr' id='par_1_9' title="bbox 966 3593 1584 4927">
     <span class='ocr_line' id='line_1_56' title="bbox 1003 3593 1582 3661; baseline -0.005 -17"><span class='ocrx_word' id='word_1_414' title='bbox 1003 3595 1029 3644; x_wconf 83' lang='lat' dir='ltr'>C.</span> <span class='ocrx_word' id='word_1_415' title='bbox 1071 3595 1181 3660; x_wconf 83' lang='lat' dir='ltr'>Caesari</span> <span class='ocrx_word' id='word_1_416' title='bbox 1218 3600 1314 3661; x_wconf 77' lang='lat' dir='ltr'>raupta.</span> <span class='ocrx_word' id='word_1_417' title='bbox 1349 3593 1432 3642; x_wconf 92' lang='lat' dir='ltr'>Lollia</span> <span class='ocrx_word' id='word_1_418' title='bbox 1466 3593 1582 3656; x_wconf 87' lang='lat' dir='ltr'>primum</span> 
     </span>
     <span class='ocr_line' id='line_1_57' title="bbox 968 3678 1582 3743; baseline -0.003 -14"><span class='ocrx_word' id='word_1_419' title='bbox 968 3681 1059 3743; x_wconf 90' lang='lat' dir='ltr'>nupsit</span> <span class='ocrx_word' id='word_1_420' title='bbox 1083 3681 1109 3729; x_wconf 87' lang='lat' dir='ltr'>P.</span> <span class='ocrx_word' id='word_1_421' title='bbox 1132 3680 1257 3728; x_wconf 89' lang='lat' dir='ltr'>Memmio</span> <span class='ocrx_word' id='word_1_422' title='bbox 1281 3679 1381 3742; x_wconf 87' lang='lat' dir='ltr'>Regulo</span> <span class='ocrx_word' id='word_1_423' title='bbox 1405 3693 1456 3727; x_wconf 86' lang='lat' dir='ltr'>cos.</span> <span class='ocrx_word' id='word_1_424' title='bbox 1481 3678 1541 3727; x_wconf 82' lang='lat' dir='ltr'>suli.</span> <span class='ocrx_word' id='word_1_425' title='bbox 1560 3693 1582 3727; x_wconf 91' lang='lat' dir='ltr'>a.</span> 
     </span>
     <span class='ocr_line' id='line_1_58' title="bbox 968 3761 1581 3828; baseline -0.003 -14"><span class='ocrx_word' id='word_1_426' title='bbox 968 3762 1067 3828; x_wconf 76' lang='grc'>781131,</span> <span class='ocrx_word' id='word_1_427' title='bbox 1084 3764 1179 3813; x_wconf 91' lang='lat' dir='ltr'>deinde</span> <span class='ocrx_word' id='word_1_428' title='bbox 1194 3778 1293 3826; x_wconf 89' lang='lat' dir='ltr'>mense,</span> <span class='ocrx_word' id='word_1_429' title='bbox 1312 3763 1464 3826; x_wconf 87' lang='lat' dir='ltr'>utvidetur,</span> <span class='ocrx_word' id='word_1_430' title='bbox 1474 3761 1581 3812; x_wconf 88' lang='lat' dir='ltr'>Octobri</span> 
     </span>
     <span class='ocr_line' id='line_1_59' title="bbox 968 3846 1582 3913; baseline 0.002 -15"><span class='ocrx_word' id='word_1_431' title='bbox 968 3865 990 3899; x_wconf 86' lang='lat' dir='ltr'>a.</span> <span class='ocrx_word' id='word_1_432' title='bbox 1015 3847 1106 3912; x_wconf 87' lang='grc'>791138</span> <span class='ocrx_word' id='word_1_433' title='bbox 1130 3846 1174 3910; x_wconf 86' lang='lat' dir='ltr'>(cf.</span> <span class='ocrx_word' id='word_1_434' title='bbox 1198 3848 1315 3896; x_wconf 88' lang='lat' dir='ltr'>Huelsen</span> <span class='ocrx_word' id='word_1_435' title='bbox 1333 3849 1349 3896; x_wconf 96' lang='lat' dir='ltr'>l.</span> <span class='ocrx_word' id='word_1_436' title='bbox 1368 3847 1438 3896; x_wconf 83' lang='lat' dir='ltr'>inira</span> <span class='ocrx_word' id='word_1_437' title='bbox 1455 3846 1485 3908; x_wconf 90' lang='lat' dir='ltr'>l.)</span> <span class='ocrx_word' id='word_1_438' title='bbox 1503 3848 1582 3913; x_wconf 89' lang='lat' dir='ltr'>Gaio,</span> 
     </span>
     <span class='ocr_line' id='line_1_60' title="bbox 966 3933 1584 3997; baseline 0 -14"><span class='ocrx_word' id='word_1_439' title='bbox 966 3936 1022 3997; x_wconf 91' lang='lat' dir='ltr'>ipso</span> <span class='ocrx_word' id='word_1_440' title='bbox 1040 3934 1148 3996; x_wconf 82' lang='lat' dir='ltr'>marito,</span> <span class='ocrx_word' id='word_1_441' title='bbox 1166 3947 1228 3981; x_wconf 88' lang='lat' dir='ltr'>curn</span> <span class='ocrx_word' id='word_1_442' title='bbox 1246 3936 1316 3981; x_wconf 86' lang='lat' dir='ltr'>esset</span> <span class='ocrx_word' id='word_1_443' title='bbox 1333 3934 1437 3995; x_wconf 87' lang='lat' dir='ltr'>legatus</span> <span class='ocrx_word' id='word_1_444' title='bbox 1454 3933 1584 3997; x_wconf 72' lang='lat' dir='ltr'>Moesiae,</span> 
     </span>
     <span class='ocr_line' id='line_1_61' title="bbox 967 4015 1582 4068; baseline -0.002 0"><span class='ocrx_word' id='word_1_445' title='bbox 967 4018 1135 4068; x_wconf 88' lang='lat' dir='ltr'>Macedoniae</span> <span class='ocrx_word' id='word_1_446' title='bbox 1161 4021 1188 4065; x_wconf 90' lang='lat' dir='ltr'>et</span> <span class='ocrx_word' id='word_1_447' title='bbox 1213 4016 1326 4066; x_wconf 80' lang='lat' dir='ltr'>Achaiae</span> <span class='ocrx_word' id='word_1_448' title='bbox 1350 4016 1384 4065; x_wconf 87' lang='lat' dir='ltr'>ab</span> <span class='ocrx_word' id='word_1_449' title='bbox 1407 4015 1452 4065; x_wconf 86' lang='lat' dir='ltr'>ill&#39;o</span> <span class='ocrx_word' id='word_1_450' title='bbox 1471 4018 1582 4067; x_wconf 87' lang='lat' dir='ltr'>Romam</span> 
     </span>
     <span class='ocr_line' id='line_1_62' title="bbox 967 4101 1582 4165; baseline 0.002 -15"><span class='ocrx_word' id='word_1_451' title='bbox 967 4102 1062 4165; x_wconf 90' lang='lat' dir='ltr'>ascito,</span> <span class='ocrx_word' id='word_1_452' title='bbox 1081 4106 1111 4150; x_wconf 90' lang='lat' dir='ltr'>ut</span> <span class='ocrx_word' id='word_1_453' title='bbox 1128 4116 1237 4150; x_wconf 81' lang='lat' dir='ltr'>uxorem</span> <span class='ocrx_word' id='word_1_454' title='bbox 1247 4101 1271 4149; x_wconf 90' lang='lat' dir='ltr'>ei</span> <span class='ocrx_word' id='word_1_455' title='bbox 1281 4101 1455 4164; x_wconf 89' lang='lat' dir='ltr'>desponderet</span> <span class='ocrx_word' id='word_1_456' title='bbox 1471 4101 1532 4162; x_wconf 80' lang='lat' dir='ltr'>(Dio</span> <span class='ocrx_word' id='word_1_457' title='bbox 1542 4101 1582 4164; x_wconf 85' lang='grc'>59,</span> 
     </span>
     <span class='ocr_line' id='line_1_63' title="bbox 967 4184 1584 4250; baseline 0 -14"><span class='ocrx_word' id='word_1_458' title='bbox 967 4186 1012 4250; x_wconf 75' lang='lat' dir='ltr'>la,</span> <span class='ocrx_word' id='word_1_459' title='bbox 1032 4186 1055 4236; x_wconf 91' lang='grc'>1.</span> <span class='ocrx_word' id='word_1_460' title='bbox 1073 4186 1146 4236; x_wconf 88' lang='lat' dir='ltr'>Suet.</span> <span class='ocrx_word' id='word_1_461' title='bbox 1164 4185 1219 4235; x_wconf 87' lang='lat' dir='ltr'>Gai.</span> <span class='ocrx_word' id='word_1_462' title='bbox 1238 4184 1294 4248; x_wconf 74' lang='lat'>25),</span> <span class='ocrx_word' id='word_1_463' title='bbox 1319 4187 1398 4248; x_wconf 90' lang='lat' dir='ltr'>paulo</span> <span class='ocrx_word' id='word_1_464' title='bbox 1415 4191 1508 4235; x_wconf 87' lang='lat' dir='ltr'>tannen</span> <span class='ocrx_word' id='word_1_465' title='bbox 1526 4192 1584 4250; x_wconf 90' lang='lat' dir='ltr'>post</span> 
     </span>
     <span class='ocr_line' id='line_1_64' title="bbox 967 4270 1581 4335; baseline 0 -13"><span class='ocrx_word' id='word_1_466' title='bbox 967 4273 1105 4335; x_wconf 86' lang='lat' dir='ltr'>repudiata</span> <span class='ocrx_word' id='word_1_467' title='bbox 1121 4277 1161 4321; x_wconf 90' lang='lat' dir='ltr'>est</span> <span class='ocrx_word' id='word_1_468' title='bbox 1174 4270 1251 4332; x_wconf 86' lang='lat' dir='ltr'>(Suet</span> <span class='ocrx_word' id='word_1_469' title='bbox 1268 4273 1283 4320; x_wconf 94' lang='lat' dir='ltr'>l.</span> <span class='ocrx_word' id='word_1_470' title='bbox 1295 4274 1311 4320; x_wconf 95' lang='lat' dir='ltr'>l.</span> <span class='ocrx_word' id='word_1_471' title='bbox 1331 4272 1377 4320; x_wconf 90' lang='lat' dir='ltr'>Dio</span> <span class='ocrx_word' id='word_1_472' title='bbox 1387 4271 1427 4334; x_wconf 90' lang='grc'>59,</span> <span class='ocrx_word' id='word_1_473' title='bbox 1437 4270 1478 4332; x_wconf 78' lang='grc'>93,</span> <span class='ocrx_word' id='word_1_474' title='bbox 1489 4271 1523 4332; x_wconf 88' lang='lat'>7).</span> <span class='ocrx_word' id='word_1_475' title='bbox 1543 4273 1581 4322; x_wconf 91' lang='lat' dir='ltr'>Ad</span> 
     </span>
     <span class='ocr_line' id='line_1_65' title="bbox 967 4357 1582 4420; baseline 0 -14"><span class='ocrx_word' id='word_1_476' title='bbox 967 4372 1026 4406; x_wconf 89' lang='lat' dir='ltr'>eam</span> <span class='ocrx_word' id='word_1_477' title='bbox 1047 4357 1216 4420; x_wconf 84' lang='lat' dir='ltr'>probabiliter</span> <span class='ocrx_word' id='word_1_478' title='bbox 1232 4362 1350 4419; x_wconf 87' lang='lat' dir='ltr'>spectare</span> <span class='ocrx_word' id='word_1_479' title='bbox 1369 4361 1446 4419; x_wconf 86' lang='lat' dir='ltr'>putat</span> <span class='ocrx_word' id='word_1_480' title='bbox 1465 4357 1582 4406; x_wconf 90' lang='lat' dir='ltr'>Huelsen</span> 
     </span>
     <span class='ocr_line' id='line_1_66' title="bbox 967 4439 1581 4506; baseline 0 -15"><span class='ocrx_word' id='word_1_481' title='bbox 967 4443 1149 4506; x_wconf 81' lang='lat' dir='ltr'>fragmentum</span> <span class='ocrx_word' id='word_1_482' title='bbox 1173 4447 1222 4491; x_wconf 87' lang='lat' dir='ltr'>act.</span> <span class='ocrx_word' id='word_1_483' title='bbox 1241 4441 1272 4489; x_wconf 87' lang='lat' dir='ltr'>fr.</span> <span class='ocrx_word' id='word_1_484' title='bbox 1291 4439 1351 4490; x_wconf 88' lang='lat' dir='ltr'>Arv.</span> <span class='ocrx_word' id='word_1_485' title='bbox 1370 4455 1392 4489; x_wconf 89' lang='lat' dir='ltr'>a.</span> <span class='ocrx_word' id='word_1_486' title='bbox 1412 4439 1504 4504; x_wconf 75' lang='grc'>799139</span> <span class='ocrx_word' id='word_1_487' title='bbox 1522 4457 1538 4491; x_wconf 89' lang='lat' dir='ltr'>a</span> <span class='ocrx_word' id='word_1_488' title='bbox 1555 4457 1581 4491; x_wconf 90' lang='lat' dir='ltr'>se</span> 
     </span>
     <span class='ocr_line' id='line_1_67' title="bbox 966 4524 1581 4589; baseline 0 -13"><span class='ocrx_word' id='word_1_489' title='bbox 966 4527 1070 4576; x_wconf 86' lang='lat' dir='ltr'>editum</span> <span class='ocrx_word' id='word_1_490' title='bbox 1093 4526 1157 4589; x_wconf 89' lang='lat' dir='ltr'>Eph.</span> <span class='ocrx_word' id='word_1_491' title='bbox 1182 4526 1268 4589; x_wconf 87' lang='lat' dir='ltr'>Epigr.</span> <span class='ocrx_word' id='word_1_492' title='bbox 1296 4525 1355 4574; x_wconf 90' lang='lat' dir='ltr'>Vlll</span> <span class='ocrx_word' id='word_1_493' title='bbox 1379 4540 1402 4588; x_wconf 95' lang='lat' dir='ltr'>p.</span> <span class='ocrx_word' id='word_1_494' title='bbox 1420 4524 1484 4575; x_wconf 73' lang='lat'><strong>329:</strong></span> <span class='ocrx_word' id='word_1_495' title='bbox 1507 4525 1581 4589; x_wconf 87' lang='lat' dir='ltr'>id]us</span> 
     </span>
     <span class='ocr_line' id='line_1_68' title="bbox 968 4608 1581 4674; baseline 0 -14"><span class='ocrx_word' id='word_1_496' title='bbox 968 4611 1046 4660; x_wconf 86' lang='lat' dir='ltr'>Febr.</span> <span class='ocrx_word' id='word_1_497' title='bbox 1072 4608 1111 4672; x_wconf 89' lang='lat' dir='ltr'>[L.</span> <span class='ocrx_word' id='word_1_498' title='bbox 1135 4610 1241 4659; x_wconf 86' lang='lat' dir='ltr'>Saluius</span> <span class='ocrx_word' id='word_1_499' title='bbox 1268 4610 1334 4659; x_wconf 81' lang='lat' dir='ltr'>Otho</span> <span class='ocrx_word' id='word_1_500' title='bbox 1356 4608 1469 4674; x_wconf 68' lang='lat' dir='ltr'>[lameri]</span> <span class='ocrx_word' id='word_1_501' title='bbox 1489 4618 1515 4661; x_wconf 93' lang='lat' dir='ltr'>et</span> <span class='ocrx_word' id='word_1_502' title='bbox 1530 4626 1581 4674; x_wconf 86' lang='lat' dir='ltr'>pro</span> 
     </span>
     <span class='ocr_line' id='line_1_69' title="bbox 966 4693 1579 4759; baseline -0.003 -14"><span class='ocrx_word' id='word_1_503' title='bbox 966 4698 1099 4759; x_wconf 79' lang='lat' dir='ltr'>mapistro</span> <span class='ocrx_word' id='word_1_504' title='bbox 1129 4693 1246 4759; x_wconf 79' lang='lat' dir='ltr'>e[ollepii</span> <span class='ocrx_word' id='word_1_505' title='bbox 1276 4695 1400 4757; x_wconf 74' lang='lat' dir='ltr'>fratrum</span> <span class='ocrx_word' id='word_1_506' title='bbox 1422 4693 1579 4757; x_wconf 85' lang='lat' dir='ltr'>Arvalium]</span> 
     </span>
     <span class='ocr_line' id='line_1_70' title="bbox 966 4777 1580 4842; baseline -0.005 -11"><span class='ocrx_word' id='word_1_507' title='bbox 966 4783 1078 4831; x_wconf 80' lang='lat' dir='ltr'>uomina</span> <span class='ocrx_word' id='word_1_508' title='bbox 1094 4781 1182 4830; x_wconf 81' lang='lat' dir='ltr'>natali</span> <span class='ocrx_word' id='word_1_509' title='bbox 1202 4777 1218 4841; x_wconf 89' lang='lat'>[.</span> <span class='ocrx_word' id='word_1_510' title='bbox 1239 4814 1244 4826; x_wconf 94' lang='lat'>.</span> <span class='ocrx_word' id='word_1_511' title='bbox 1263 4817 1269 4828; x_wconf 86' lang='lat'>.</span> <span class='ocrx_word' id='word_1_512' title='bbox 1289 4817 1295 4829; x_wconf 97' lang='lat'>.</span> <span class='ocrx_word' id='word_1_513' title='bbox 1315 4781 1343 4828; x_wconf 86' lang='lat' dir='ltr'>iu</span> <span class='ocrx_word' id='word_1_514' title='bbox 1362 4778 1506 4842; x_wconf 83' lang='lat' dir='ltr'>Capitolio]</span> <span class='ocrx_word' id='word_1_515' title='bbox 1525 4780 1580 4829; x_wconf 85' lang='lat' dir='ltr'>Ioui</span> 
     </span>
     <span class='ocr_line' id='line_1_71' title="bbox 968 4863 1579 4927; baseline -0.002 -13"><span class='ocrx_word' id='word_1_516' title='bbox 968 4865 996 4915; x_wconf 88' lang='grc' dir='ltr'>Ο.</span> <span class='ocrx_word' id='word_1_517' title='bbox 1021 4865 1056 4915; x_wconf 92' lang='lat' dir='ltr'>M.</span> <span class='ocrx_word' id='word_1_518' title='bbox 1080 4863 1185 4927; x_wconf 87' lang='lat' dir='ltr'>bov[em</span> <span class='ocrx_word' id='word_1_519' title='bbox 1202 4880 1309 4915; x_wconf 89' lang='lat' dir='ltr'>marem</span> <span class='ocrx_word' id='word_1_520' title='bbox 1326 4863 1501 4927; x_wconf 69' lang='lat' dir='ltr'>inioiolauitl</span> <span class='ocrx_word' id='word_1_521' title='bbox 1527 4865 1579 4914; x_wconf 88' lang='lat' dir='ltr'>Na-</span> 
     </span>
    </p>
   </div>
   <div class='ocr_carea' id='block_1_7' title="bbox 0 0 1666 5512">
    <p class='ocr_par' dir='ltr' id='par_1_10' title="bbox 0 0 1666 5512">
     <span class='ocr_line' id='line_1_72' title="bbox 0 0 1666 5512; baseline 0 1"><span class='ocrx_word' id='word_1_522' title='bbox 0 0 1666 5512; x_wconf 95' lang='lat' dir='ltr'> </span> 
     </span>
    </p>
   </div>
  </div>
 </body>
</html>
