3322 5512
772 343 829 401 125

164 530 416 603 Germanorum
462 526 589 625 legatis
627 529 661 601 in
709 528 888 602 orchestra
926 527 1049 602 sedere
1089 527 1262 625 permisit,
1310 526 1440 624 simpli·
1531 526 1571 602 C.
1598 527 1654 601 25.

163 654 265 728 nitate
307 677 425 728 eorum
464 662 499 727 et
539 653 668 728 fiducia
710 663 918 744 commotus,
961 652 1054 749 quod
1091 653 1125 725 in
1165 653 1346 750 popularia
1383 653 1441 727 de-

162 778 274 873 ducti,
316 802 393 852 cum
438 778 768 852 animadvertissent
805 777 954 852 Parthos
992 786 1026 852 et
1065 776 1250 851 Armenios
1287 777 1441 851 sedentis

160 904 194 976 in
238 912 380 998 senatu,
422 903 467 976 ad
505 902 628 977 eadem
666 903 743 976 loca
779 913 902 998 sponte
940 901 1168 993 transierant,
1206 901 1313 975 nihilo
1348 888 1442 976 dete·

160 1029 287 1102 riorem
334 1028 497 1102 virtutem
545 1035 605 1101 aut
648 1026 878 1101 conditionem
912 1049 1012 1099 suam
1047 1025 1299 1122 praedicantes.
1337 1027 1442 1124 Dryi-

205 1189 323 1248 Tocilus
344 1190 424 1249 Anu.
448 1189 531 1248 XIII
550 1191 590 1248 54
613 1189 678 1262 (sub
699 1208 725 1247 o.
749 1190 877 1264 8111581.
919 1186 1037 1247 Dubius
1050 1187 1160 1247 Avitus
1173 1220 1213 1230 -
1226 1189 1359 1265 perpulit
1369 1189 1443 1248 Ver-

160 1294 253 1354 ritum
281 1301 313 1355 et
339 1295 513 1372 Malorigem
535 1294 668 1372 (Frisios)
689 1312 794 1371 preces
816 1293 977 1370 suscipere.
999 1294 1190 1372 Profectique
1211 1295 1349 1370 Romam,
1372 1296 1442 1355 dum

159 1401 229 1460 aliis
250 1401 330 1460 curis
351 1402 499 1462 intentum
521 1402 669 1462 Neronem
691 1402 902 1478 opperiuntur,
923 1401 1003 1460 inter
1023 1419 1073 1474 ea,
1095 1419 1171 1478 quae
1192 1403 1325 1461 barbaris
1345 1408 1443 1462 osten-

160 1513 278 1583 tantur,
304 1509 453 1569 intravere
480 1510 616 1586 Pompeii
643 1510 807 1581 theatrum,
837 1527 895 1585 quo
922 1507 1157 1584 magnitudinem
1180 1509 1282 1586 popuii
1303 1509 1443 1569 viserent.

162 1613 232 1674 Illic
254 1616 422 1692 parotium
443 1617 551 1692 (neque
572 1615 652 1674 enim
672 1615 798 1674 ludicris
819 1614 915 1690 ignari
936 1614 1169 1690 oblectabantur)
1185 1616 1255 1674 dum
1270 1634 1443 1676 consessum

161 1739 284 1795 caveae,
306 1721 477 1781 discrimina
491 1722 644 1796 ordinum,
665 1721 735 1799 quis
749 1740 856 1798 eques,
878 1721 928 1781 ubi
944 1727 1079 1795 senatus,
1101 1727 1324 1798 percontantur,
1339 1724 1443 1783 adver·

162 1834 225 1888 tere
257 1830 401 1906 quosdam
432 1831 516 1908 cultu
547 1835 671 1889 externo
702 1829 733 1887 in
762 1829 883 1888 sedibus
912 1835 1097 1903 senatorum3
1126 1834 1157 1887 et
1183 1829 1304 1906 quinam
1331 1831 1444 1906 forent,

162 1935 340 2011 rogitantes,
361 1942 520 2014 postquam
540 1936 716 1995 audiverant
737 1954 839 1995 earum
859 1935 995 2011 gentium
1016 1935 1124 2010 legatis
1145 1935 1177 1992 id
1192 1937 1311 1996 honoris
1326 1937 1444 2038 datum,

163 2060 239 2119 quae
266 2042 378 2102 virtute
405 2049 436 2102 et
462 2043 592 2103 amicitia
620 2043 751 2102 Romana
779 2041 1010 2119 praecellerent,
1040 2042 1139 2101 nullos
1164 2044 1333 2103 mortalium
1353 2047 1444 2106 armis

164 2154 215 2207 aut
245 2149 305 2209 fide
325 2155 394 2209 ante
415 2148 579 2210 Germanos
599 2168 666 2209 esse
687 2149 870 2221 exclamant,
899 2149 1174 2226 degrediunturque
1195 2156 1226 2208 et
1246 2150 1324 2210 inter
1344 2158 1444 2228 patres

168 2256 335 2315 considunt.
364 2254 451 2330 Quod
477 2257 602 2316 comiter
628 2276 645 2315 a
673 2256 839 2315 visentibus
867 2261 1043 2331 exceptum,
1071 2256 1157 2332 quasi
1178 2255 1308 2333 impetus
1329 2259 1444 2337 antiqui

166 2368 193 2422 et
214 2364 291 2422 bona
311 2363 478 2422 aemulatio.

165 2562 251 2625 rideo,
276 2577 324 2610 cur
348 2561 381 2611 ab
407 2561 497 2612 Orosio
522 2577 590 2612 nono
608 2577 677 2610 anno
695 2560 775 2611 Glau—
831 2561 970 2624 legationis
989 2559 1184 2609 Germanorum
1203 2560 1278 2608 nulla
1296 2563 1396 2612 mentio
1406 2562 1444 2614 fn.

165 2646 198 2696 dii
225 2649 274 2696 hoc
299 2647 427 2696 tribuenti
450 2647 622 2696 discedamus.
651 2645 775 2695 Ceterum
864 2647 895 2695 ln
928 2646 1066 2694 orchestra
1096 2647 1189 2696 sedere
1218 2647 1353 2708 permisit.
1388 2662 1444 2697 mos

163 2729 274 2781 Claudio
298 2737 406 2781 auctore
423 2737 532 2780 senatus
549 2732 702 2780 consultum
721 2730 775 2778 iac·
830 2731 957 2794 antiquus
983 2731 1050 2793 apud
1080 2732 1211 2781 Romanos
1234 2733 1287 2781 fuit
1310 2737 1340 2780 ut
1364 2733 1445 2796 legati

161 2817 223 2864 tum
251 2830 308 2864 esse
333 2815 424 2878 credo,
451 2815 483 2864 cf.
508 2815 566 2863 Tac.
590 2814 658 2863 Arm.
683 2814 706 2861 11
729 2811 776 2862 85:
831 2816 862 2863 ad
887 2815 1013 2878 populum
1036 2815 1065 2864 R.
1084 2815 1157 2864 missi
1174 2831 1235 2864 cum
1254 2821 1348 2865 senatu
1367 2817 1445 2866 iudos

157 2899 263 2950 Actum
278 2906 303 2949 et
317 2900 351 2950 de
359 2898 596 2962 sccmsriepyptiis
604 2899 777 2961 Iudaicisque
830 2905 993 2962 spectarent,
1017 2901 1049 2950 ci.
1071 2900 1219 2949 Mommsen
1237 2900 1298 2950 StR.
1316 2899 1443 2959 1111154.

153 2986 311 3049 pellendis,
328 2985 485 3048 factumque
502 2985 776 3033 senatusconsultum
831 2983 905 3042 Quod
929 2984 1067 3047 Augustus
1089 2984 1116 3033 in
1140 2985 1212 3033 hunc
1228 2985 1337 3034 modum
1356 2991 1445 3034 muta-

154 3066 225 3129 (sub
243 3069 364 3131 Tiberio).
383 3069 529 3119 Mommsen
548 3068 609 3118 StR.
628 3068 663 3116 111
681 3065 754 3116 1193.
831 3068 880 3130 vit,
900 3073 930 3116 ut
947 3068 1048 3131 legatos
1064 3066 1207 3117 liberarum
1220 3068 1328 3118 urbium
1341 3069 1374 3118 ab
1387 3070 1446 3119 aliis

194 3156 402 3204 Germanorum
419 3155 521 3216 legatis.
539 3155 626 3201 locum
639 3152 698 3201 Tac.
709 3152 776 3201 Ann.
830 3157 980 3200 secerneret
1004 3152 1184 3215 honoremque
1208 3158 1325 3202 servaret
1349 3154 1444 3217 legatis

147 3233 223 3289 XIII
249 3238 282 3287 54
299 3239 369 3287 inter
385 3239 538 3288 testimonia
555 3237 693 3299 adscripsi,
715 3252 775 3286 cum
830 3241 982 3286 exterarum
1000 3237 1122 3300 gentium
1140 3251 1288 3300 regumque
1299 3239 1444 3301 sociorum,

146 3318 236 3374 haud
252 3322 363 3371 dubium
375 3337 432 3371 esse
442 3328 546 3385 putem,
559 3322 623 3384 quin
634 3322 725 3370 eadem
737 3336 777 3370 res
831 3321 863 3370 ci.
887 3320 959 3370 Suet.
984 3320 1051 3384 Aug.
1069 3320 1114 3369 di:
1137 3321 1240 3370 Romae
1258 3322 1358 3383 legatos
1377 3323 1444 3372 llbe-

142 3416 170 3454 a
200 3406 294 3456 Tacito
321 3411 456 3468 narretur,
483 3421 564 3469 quern
582 3407 663 3454 etiam
682 3406 777 3455 rectius
831 3420 929 3455 rarum
951 3406 1142 3468 sociarumque
1163 3407 1289 3468 gentium
1310 3409 1395 3456 vetuit
1415 3409 1446 3456 irc

139 3490 270 3541 trudere
296 3505 352 3539 rem
384 3491 434 3540 sub
467 3490 570 3540 Nerone
597 3492 694 3540 factam
721 3505 777 3538 esse
831 3491 968 3540 orchestra
990 3491 1095 3552 sedere,
1120 3504 1182 3538 cunt
1206 3492 1339 3553 quosdam
1361 3493 1446 3540 etium

138 3576 334 3638 crediderim,
355 3589 520 3638 quamquam
537 3590 578 3624 res
595 3575 627 3624 ad
646 3575 777 3638 liquidum
832 3576 954 3625 libertini
974 3575 1081 3637 perceris
1098 3576 1173 3623 mitti
1190 3576 1382 3638 deprendisset.
1401 3574 1444 3638 (de

141 3660 274 3720 perduci
301 3674 353 3708 non
377 3663 472 3722 potest.
504 3660 614 3709 Factum
640 3660 666 3708 id
691 3664 732 3708 est
755 3674 777 3708 a.
833 3660 881 3709 hoc
903 3662 959 3709 loco
983 3660 1015 3708 cf.
1040 3659 1187 3708 Mommsen
1212 3660 1228 3708 l.
1246 3662 1262 3708 1.
1286 3659 1352 3709 1155
1369 3660 1390 3708 Α
1408 3660 1445 3722 i).

136 3739 257 3808 810157
276 3743 393 3805 (Tacitus
412 3745 453 3792 bic
467 3759 626 3808 quoqueres
637 3745 778 3807 perplures
832 3744 906 3803 Quod
930 3748 1020 3807 postea
1043 3745 1141 3793 mansit
1164 3749 1195 3792 nt
1212 3750 1301 3794 noster
1318 3752 1345 3794 et
1361 3746 1444 3795 Taciti

140 3840 249 3880 annos
267 3834 355 3892 gestas
370 3829 419 3878 sub
438 3844 491 3878 uno
508 3843 578 3877 anno
593 3826 699 3890 tradit),
716 3842 777 3876 cum
832 3831 905 3878 locus
922 3829 998 3877 docet
1012 3833 1040 3877 et
1054 3829 1100 3877 Dio
1111 3827 1157 3892 58,
1174 3829 1220 3892 15,
1238 3829 1267 3879 2:
1285 3828 1324 3878 ὅτι
1341 3827 1357 3877 ὁ
1376 3827 1444 3893 Τρα-

140 3925 181 3966 8..
202 3911 300 3976 811158
317 3913 417 3963 bellurn
435 3913 506 3962 inter
514 3913 624 3962 Parthos
633 3913 778 3961 Romanos·
832 3909 903 3967 ιανὸς
935 3907 996 3967 τοὺς
1022 3909 1184 3978 πρεσβευτὰς
1210 3908 1270 3968 τοὺς
1294 3909 1367 3977 παρὰ
1392 3917 1446 3963 τῶν

142 4012 217 4066 que
236 3999 292 4063 geri
309 4003 432 4062 coeptum
451 3999 492 4047 sit.
510 3996 554 4059 (cf.
572 3998 708 4047 'lucrium
719 3996 778 4046 11111
831 3993 962 4061 βασιλέων
972 3993 1186 4061 ἀφικνουμένους
1198 3993 1225 4046 ἓν
1234 4002 1271 4061 τῷ
1279 3995 1445 4063 βουλευτικῷ

146 4084 234 4135 Anu.
258 4082 299 4131 34.
323 4081 448 4145 Schiller,
470 4080 555 4129 Gescb
581 4081 605 4129 d.
624 4081 698 4130 Rom.
717 4081 778 4128 Kai-
832 4078 981 4131 dedecoriue
1007 4078 1088 4130 ἐποίει
1115 4081 1273 4143 (Mommsen
1301 4085 1350 4132 1.1.
1370 4082 1444 4145 Ae).

147 4181 230 4220 serr.
249 4182 275 4216 u.
294 4167 364 4216 Nero
382 4182 405 4230 p.
423 4164 492 4228 115).
510 4165 556 4215 Sin
567 4180 627 4214 vero
636 4164 779 4214 Suetonius
834 4166 974 4215 Frisiorum
1008 4166 1090 4229 igitur
1120 4168 1228 4230 legatis,
1260 4168 1306 4230 qni
1338 4174 1396 4230 post
1422 4183 1445 4218 a.

154 4259 237 4304 recte
261 4252 383 4314 tradidit,
407 4250 504 4314 legatio
526 4248 719 4298 Germanorum
737 4250 778 4298 in·
833 4246 923 4312 800117
957 4249 1088 4313 peregrini
1119 4251 1233 4301 dediticii
1265 4252 1375 4300 fuerunt
1401 4250 1445 4313 (cf.

155 4339 230 4388 cidit
251 4338 280 4387 in
305 4351 406 4386 annum
429 4332 533 4398 800147,
557 4349 609 4396 quo
627 4349 697 4383 anno
715 4334 778 4382 Par·
833 4335 979 4384 Mommsen
998 4334 1027 4383 H.
1047 4334 1076 4383 R.
1095 4336 1115 4384 V
1137 4334 1186 4384 115
1203 4334 1260 4398 Aa)
1275 4337 1302 4385 in
1312 4337 1447 4386 orchestra

159 4425 276 4473 thorum
294 4424 395 4485 legatos
410 4421 523 4470 Romam
532 4420 625 4468 missos
634 4434 690 4468 esse
699 4420 780 4468 tradit
833 4419 923 4467 sedere
943 4432 995 4466 non
1013 4419 1095 4468 licuit.

161 4505 225 4556 Tac.
250 4505 318 4554 dnn.
341 4505 377 4554 XI
401 4503 434 4553 10
458 4504 502 4565 (ci.
526 4503 573 4552 XII
598 4501 655 4566 101,
678 4505 711 4553 cf.
729 4518 780 4552 von
868 4501 973 4565 [pluo]
995 4503 1448 4567 Dryidurumreligionem-dirue

165 4589 340 4653 Gutschmid,
363 4588 456 4638 Gescb.
480 4588 555 4636 lrans
572 4602 595 4649 p.
613 4585 779 4648 127(secun-
834 4588 1027 4636 inrntanitalis.
1045 4588 1077 4637 cf.
1095 4586 1167 4638 Caes.
1186 4589 1213 4638 B.
1232 4589 1261 4638 G.
1280 4589 1313 4638 VI
1330 4588 1369 4639 16.
1387 4589 1446 4639 Tac.

167 4675 232 4723 dum
256 4673 404 4723 Mommsen
428 4673 458 4722 H.
483 4673 512 4722 R.
537 4669 625 4720 V380
642 4672 739 4735 legatio
756 4687 779 4720 a.
834 4670 1023 4721 nnnurvso:
1045 4672 1243 4734 eaecisr'queluer'
1258 4674 1446 4735 saevissuper-

167 4755 260 4822 soalon
283 4758 364 4807 missa
386 4762 427 4806 est
450 4761 557 4820 propter
579 4755 638 4805 Tac.
663 4756 780 4805 111111
834 4757 989 4806 stitture-ibus
1014 4758 1101 4804 sacri:
1131 4772 1196 4806 uuor
1222 4772 1318 4807 cruore
1342 4760 1447 4819 captiuo

169 4840 226 4905 10);
243 4857 297 4906 quo
315 4857 384 4891 anno
402 4840 500 4904 (neque
513 4855 536 4891 a.
549 4839 652 4905 802(49)
667 4841 781 4890 aTacito
834 4842 941 4891 adolere
955 4856 1020 4889 oros
1033 4847 1058 4889 et
1071 4841 1213 4890 (roncinum
1226 4842 1304 4905 fibris
1312 4843 1448 4891 consulere
