3322 5512
842 335 880 391 38

124 577 131 592 .
225 520 361 594 venalis
398 519 601 616 pependerit
639 519 705 591 sub
739 518 850 592 edicto
888 522 1152 615 praefectorum.

272 645 317 717 X.
381 645 448 717 Per
498 644 585 718 haec
634 667 676 716 ac
726 643 812 717 talia
861 643 1014 716 maxima
1065 642 1191 715 aetatis
1241 650 1340 737 parte
1391 651 1504 714 trans-

223 778 318 862 acta,
381 768 671 864 quinquagesimo
734 792 825 841 anno
889 768 1072 864 imperium
1131 767 1222 863 cepit
1280 765 1505 861 quantumvis

223 893 371 967 mirabili
431 917 526 967 casu.
585 895 764 967 Exclusus
822 893 914 966 inter
964 901 1098 965 ceteros
1148 892 1192 964 ab
1242 890 1505 964 insidiatoribus

264 1139 324 1197 Dio
347 1141 401 1211 60,
431 1139 466 1212 2,
495 1140 570 1195 1=
594 1137 665 1196 Zon.
687 1137 739 1195 XI
761 1140 828 1213 8ρν.
851 1138 922 1195 Ino.
972 1129 1030 1211 ἦγε
1062 1135 1093 1198 δὲ
1127 1132 1328 1207 πεντηκοστὸν
1361 1130 1426 1202 ἔτος
1450 1138 1505 1204 τῆς
1603 1159 1608 1169 ·

225 1244 352 1319 ἡλικίας.

265 1352 435 1410 Philostnot.
464 1352 519 1409 Vit.
541 1350 694 1426 Apollonii
719 1350 760 1408 ed.
781 1349 897 1425 Kayser
918 1349 938 1406 I
953 1368 985 1424 p.
1007 1352 1076 1407 185.
1118 1347 1216 1411 καίτοι
1249 1346 1504 1420 πεντηκοντούτας

224 1459 280 1536 μὲν
317 1458 507 1544 (Κλαύδιος)
545 1459 575 1527 ἐς
610 1456 643 1520 τὸ
679 1455 785 1543 ἀρχειν
823 1453 1003 1534 παρῆλθεν,
1039 1452 1088 1519 ύπε
1122 1461 1186 1526 νοῦς
1210 1454 1352 1531 μάλιστα
1377 1453 1505 1530 ὑγιαίνει

224 1563 401 1645 ἀνθρώπων.

264 1673 324 1731 Dio
348 1675 402 1746 59,
431 1675 486 1746 29,
515 1675 595 1730 6=
617 1672 688 1730 Zon.
710 1672 760 1730 XI
785 1675 853 1747 Ip.
876 1673 948 1729 458.
991 1669 1079 1733 ἀλλά
1121 1671 1303 1750 τηρήσαντες
1344 1668 1434 1732 αὐτὸν
1471 1670 1504 1731 ε’κ

224 1785 275 1843 τοῦ
307 1776 439 1858 θεάτρου
471 1775 662 1860 ἐξελθόντα,
685 1817 730 1826 -
753 1777 934 1840 ἀπέκτειναν
967 1779 996 1839 ἑν
1031 1778 1172 1856 στενωπῷ
1196 1800 1252 1840 τινι
1276 1775 1504 1853 ἀπολαβόντες,

265 1885 325 1944 Dio
349 1888 403 1958 60,
424 1889 455 1959 1,
479 1888 507 1944 2.
550 1885 698 1950 Κλαύδιον
722 1924 765 1934 -
790 1890 876 1956 συνῆν
901 1909 936 1947 τε
959 1883 1020 1964 pin
1045 1884 1086 1964 τῷ
1112 1883 1200 1963 reip.

267 1992 339 2051 Zon.
365 1991 418 2051 XI
441 1996 512 2068 etp.
540 1995 610 2051 459.
653 1991 866 2056 Κλαύδιον-
893 1997 979 2063 συνῆν
1012 1989 1073 2070 νάρ
1105 1991 1145 2071 τῷ
1177 1991 1255 2071 Γαίῳ
1287 1995 1339 2054 τοῦ
1372 1987 1505 2070 θεάτρου

225 2097 420 2178 ἕξεικιαὲνν·
1574 2176 1576 2181 ,

263 2204 378 2280 Ioseph.
406 2207 476 2264 Ant.
504 2206 568 2264 Ind.
598 2205 681 2264 XIX
703 2209 734 2280 1,
763 2208 815 2279 14,
843 2208 897 2263 101
919 2226 980 2282 sqq.
1023 2204 1204 2281 σκμαίνεται
1224 2201 1506 2286 Γάιοςὲξαναστάς

224 2309 276 2373 καί
308 2306 517 2390 θίρυβοςάν,
549 2312 732 2394 ἀνέστρεφον
765 2312 797 2375 δὲ
828 2312 880 2375 καί
912 2313 936 2376 οἱ
968 2309 1137 2388 συνωμόται
1164 2310 1216 2374 καί
1240 2309 1425 2375 ἀνεωθοῦντο
1450 2312 1504 2384 τίιν

225 2413 366 2490 πλκθύν,
399 2417 480 2497 λύγῳ
515 2418 570 2495 μὲν
595 2417 645 2481 διά
668 2417 702 2482 τύ
726 2418 932 2498 δυσχεραίνειν
956 2418 1006 2481 τὸν
1031 2417 1136 2491 Γάιον,
1169 2415 1245 2498 ἔργῳ
1270 2417 1301 2481 δὲ
1326 2419 1375 2482 ἐπ’
1399 2419 1506 2489 ἀδείας

224 2521 402 2600 βουλόμενοι
433 2525 462 2587 ἐν
495 2525 604 2608 ε’ρκμίρο
635 2530 691 2589 τῶν
715 2526 928 2603 ἀμυνουμένων
953 2528 1206 2601 καταστήσαντες
1229 2525 1319 2591 αὐτὸν
1343 2521 1505 2592 ἀπτεσθαι

224 2637 277 2703 τῆς
310 2637 447 2711 σφαγῆς.
481 2634 666 2714 προεξῄεσαν
691 2633 723 2696 δὲ
748 2634 898 2704 Κλαύδιος
922 2633 977 2711 μὲν
1002 2634 1014 2696 c‘
1040 2633 1161 2713 πάτρως
1185 2635 1278 2698 αὐτοῦ
1302 2633 1353 2697 καί
1378 2637 1505 2714 Μάρκος

224 2737 344 2809 Βινίκιος
368 2739 380 2802 ν’
401 2746 454 2811 τῆς
478 2740 620 2822 ἀδελφῆς
643 2741 716 2820 ἀνὴρ
742 2739 785 2804 ἔτι
809 2741 841 2804 δὲ
865 2740 1029 2821 Οὐαλέριος
1051 2739 1243 2814 Ἀσιατικός,
1277 2739 1324 2812 οὓς
1348 2742 1413 2805 οὐδὲ
1430 2741 1503 2818 βου-

224 2845 359 2922 λομένοις
383 2847 555 2911 διακλεῖσαι
579 2848 705 2926 δύναμις
729 2844 761 2921 ἀν
785 2848 867 2911 αἰδοῖ
886 2855 939 2920 τῆς
963 2847 1130 2930 ἀξιώσεως,
1162 2842 1262 2911 είπετο
1287 2848 1313 2911 δ’
1338 2848 1428 2920 αὐτὸς
1452 2848 1503 2912 σὺν

190 2972 197 2989 ‘
224 2953 337 3033 Παύλῳ
366 2953 535 3034 Ἀρουντίῳ.
574 2954 640 3018 ἐπεί
672 2955 697 3018 δ’
730 2954 812 3025 ἐντὸς
844 2951 875 3028 ἦν
910 2960 960 3018 τοῦ
992 2953 1167 3031 βασιλείου,
1208 2953 1264 3026 τάς
1294 2954 1350 3032 μὲν
1382 2953 1506 3026 εὐθείας

224 3059 306 3130 ὁδοὺς
339 3058 453 3134 λείπει,
485 3059 564 3124 καθ’
595 3052 631 3132 ἀς
662 3061 856 3135 διεστήκεσαν
888 3065 944 3123 τῶν
976 3061 1087 3124 δούλων
1121 3061 1146 3124 οἱ
1168 3058 1391 3140 θεραπεύοντες
1414 3061 1504 3125 αὐτὸν

224 3166 275 3230 καί
300 3168 449 3247 προῄεσαν
475 3168 498 3231 οἱ
524 3168 591 3248 περί
616 3167 665 3232 τὸν
690 3168 849 3233 Κλαύδιον.

263 3273 382 3351 Ioseph.
412 3275 448 3334 tt.
479 3279 568 3350 3,1,
599 3278 667 3334 212.
710 3276 857 3346 Κλαύδιος
881 3275 930 3349 δὲ,
955 3273 1102 3354 καθάπερ
1127 3275 1270 3356 ἀνώτερον
1292 3274 1386 3358 ἔφκν,
1411 3278 1506 3357 ἀπορ-

225 3383 334 3463 ρήξεως
358 3382 439 3461 αύτῷΙ
463 3382 520 3445 τάν
546 3382 635 3446 Γαίου
659 3382 730 3445 ὁδῶν
755 3381 929 3459 γενομένης.

224 3654 292 3703 bone
308 3654 365 3702 eins
384 3654 498 3716 primum
516 3656 574 3718 lege
587 3656 773 3718 praediatoria,
790 3656 835 3704 sed

223 3744 340 3803 emptore
358 3739 396 3787 sic
413 3754 466 3788 non
479 3739 600 3803 invento,
618 3741 646 3789 in
659 3754 773 3789 vacuum
786 3741 802 3789 i.
813 3755 835 3789 e.

222 3824 279 3873 sine
303 3824 365 3873 ullis
388 3824 583 3874 conditionibus
601 3826 750 3874 venierunt.
777 3825 835 3874 Non

223 3914 294 3959 recte
316 3909 399 3973 igitur
421 3909 569 3972 Madvigius
592 3908 655 3959 Adv.
680 3907 742 3958 Crit.
767 3910 790 3957 II
812 3926 834 3972 p.

223 3993 284 4056 572,
303 3994 405 4042 dudum
418 3997 475 4057 post
485 3994 622 4042 inventam
631 3996 717 4056 legem
729 3994 835 4043 Malaci-

222 4083 328 4141 tanam,
358 4081 389 4127 in
420 4093 536 4127 nacnnni
568 4079 707 4140 explicavit
735 4094 781 4141 per
807 4081 836 4128 in

221 4169 331 4224 portent
353 4164 485 4224 pecuniae
507 4162 679 4224 deficientem
705 4164 771 4227 „fiir
788 4165 837 4212 das

222 4247 399 4310 Mnnpetnde‚
417 4247 466 4309 fiir
482 4248 531 4295 das
553 4247 743 4308 [διασεῖσαι-ια’.
762 4249 835 4306 Quae

222 4331 360 4393 explicatio
387 4332 409 4380 si
427 4345 489 4380 vera
506 4337 590 4394 esset,
616 4333 702 4381 omnis
721 4334 835 4382 venditio

221 4418 280 4480 lege
304 4416 479 4479 praediatoria
502 4416 572 4465 facta
599 4419 628 4465 in
645 4432 761 4465 naennnt
779 4416 836 4466 sieri

222 4506 292 4550 recte
316 4501 366 4549 diei
387 4506 487 4564 posset,
512 4516 599 4563 neque
617 4503 659 4550 lex
676 4501 836 4552 Malacitana

220 4590 275 4634 tam
294 4591 417 4635 accurate
435 4585 605 4634 distinxisset.

255 4671 358 4719 venalis
375 4671 535 4732 pependerit
553 4671 569 4719 i.
582 4686 604 4719 e.
618 4670 688 4733 apud
702 4673 834 4721 aerarium

221 4756 337 4804 edictum
370 4771 423 4819 quo
456 4757 571 4805 venditio
598 4757 741 4818 proscripta
765 4762 834 4820 evat,

222 4840 360 4903 pependit,
385 4841 418 4889 cf.
446 4841 519 4889 Doni.
546 4839 574 4888 9:
608 4855 679 4904 nece,
702 4843 750 4905 piei
773 4847 836 4891 onte

891 3657 1113 3717 quinquennium
1137 3657 1300 3718 promineant
1326 3659 1400 3719 apitd
1425 3674 1505 3709 nera·

890 3741 966 3787 rinnt
981 3740 1183 3801 pependissent.

922 3823 1131 3885 praefectorum.
1167 3824 1310 3874 Suetonius
1328 3827 1353 3875 h.
1370 3829 1387 3876 1.
1406 3829 1505 3892 magis·

891 3912 991 3971 tratuS,
1025 3909 1071 3970 qui
1093 3910 1193 3958 aerario
1218 3917 1369 3974 praeerant,
1403 3914 1505 3976 proprio

890 3994 996 4042 nomine
1019 4009 1072 4042 non
1090 3995 1245 4057 appellavit,
1270 4010 1332 4043 nam
1352 3996 1400 4044 hac
1418 4001 1505 4046 aetate

891 4084 1024 4141 praetores
1047 4081 1147 4129 aerario
1165 4081 1351 4142 praemonent,
1374 4081 1406 4128 ef.
1425 4097 1445 4130 c.
1464 4080 1505 4131 δύ.

923 4163 1064 4212 Enclnsns.
1084 4163 1206 4212 dissentit
1223 4164 1353 4226 Iosephus
1365 4162 1437 4226 (Ant.
1449 4165 1504 4214 lud.

890 4247 950 4296 XIX
968 4245 980 4308 ἓ
998 4246 1071 4311 idi),
1098 4249 1145 4310 qui
1169 4249 1265 4297 diserte
1283 4248 1344 4298 dicit
1363 4247 1505 4298 Claudium

890 4347 951 4381 eum
970 4332 1003 4380 M.
1022 4333 1123 4381 Vinicio
1140 4336 1167 4381 et
1185 4333 1287 4382 Valerio
1301 4333 1414 4383 Asiatico
1429 4349 1504 4397 prae·

890 4432 1011 4480 gressum
1029 4433 1099 4480 esse,
1118 4417 1214 4466 Gaium
1230 4422 1322 4466 autem
1337 4418 1438 4481 ipsum,
1457 4420 1504 4482 qui

890 4517 951 4550 cnm
970 4502 1062 4551 Paullo
1080 4501 1206 4551 Arruntio
1224 4502 1399 4565 sequebatur,
1424 4504 1504 4553 aliam

890 4587 959 4635 viam
988 4587 1086 4635 iniisse.
1121 4586 1273 4636 Secundum
1300 4589 1415 4636 eundem
1440 4589 1504 4637 insi-

890 4672 1004 4720 diatores
1030 4671 1136 4720 turbam
1162 4685 1268 4733 qnoque
1287 4677 1503 4733 summoverunt,

890 4758 933 4805 sed
946 4758 995 4805 hoc
1005 4757 1057 4804 iam
1068 4757 1159 4804 statim
1170 4761 1309 4818 postquam
1318 4755 1399 4804 Gaius
1408 4772 1422 4804 e
1432 4757 1505 4805 thea-

890 4847 931 4892 tro
949 4855 1070 4911 egressus
1083 4842 1131 4906 sit,
1149 4842 1249 4891 facturn
1263 4856 1319 4890 esse
1333 4847 1425 4890 narrat
1437 4840 1505 4904 (ni).
