3322 5512
918 351 974 410 156

124 592 131 607 .
185 535 214 606 '.
304 535 436 608 lanceis
461 535 725 610 circumstarent
751 535 946 631 militesque
977 536 1051 611 vioe
1077 537 1312 611 ministrorum
1338 539 1586 631 fungerentur,

303 685 415 756 neque
442 686 588 757 aegrum
615 684 824 757 quemquam
851 661 1008 735 visitavit
1029 663 1093 735 nisi
1114 663 1293 758 explorato
1312 661 1409 758 prius
1426 660 1587 735 cubiculo

303 786 506 882 culcitisque
531 796 566 859 et
586 787 753 881 stragulis
773 786 1034 883 praetemptatis
1051 795 1086 860 et
1104 786 1271 862 excussis.
1297 786 1450 882 Reliquo
1468 794 1586 859 autem

301 920 456 1008 tempore
490 910 740 984 salutatoribus
766 919 978 985 scrutatores
1003 935 1142 1008 semper
1167 912 1349 1009 apposuit,
1384 911 1585 1006 etquidem

302 1037 462 1109 omnibns
488 1044 522 1110 et
546 1036 797 1110 acerbissimos.
824 1037 910 1111 Sero
936 1037 1027 1110 enim
1054 1061 1096 1110 ac
1121 1037 1182 1110 vix
1199 1036 1348 1130 remisit,
1374 1059 1418 1109 ne
1435 1035 1585 1109 feminae

303 1161 578 1257 praetextatique
612 1161 710 1257 pueri
745 1171 779 1235 et
815 1162 954 1257 puellae
989 1170 1302 1254 contrectarentur,
1337 1170 1371 1234 et
1406 1184 1451 1233 ne
1486 1159 1585 1233 cuius

303 1287 417 1360 oomiti
451 1294 512 1359 aut
542 1285 684 1359 librario
718 1286 929 1361 calamariae
963 1295 1024 1361 aut
1057 1287 1281 1384 graphiariae
1306 1287 1428 1361 thecae
1454 1285 1584 1358 adime-

341 1485 402 1544 Dio
426 1488 482 1569 60,
503 1487 538 1559 2,
562 1488 640 1544 6=
664 1485 735 1544 Zaa.
759 1485 810 1544 XI
828 1489 848 1544 8
863 1505 895 1562 p.
919 1489 991 1545 460.
1034 1486 1106 1566 πρὸς
1131 1486 1162 1550 δὲ
1186 1486 1238 1550 καὶ
1262 1485 1377 1550 δειλίαν
1401 1480 1504 1565 εἶχεν,
1528 1487 1583 1566 ὑφ’

302 1586 335 1664 ἧς
371 1590 523 1662 πολλάκις
557 1590 803 1668 ἐκπληττόμενος
839 1592 923 1656 οὐδὲν
959 1594 1017 1656 τῶν
1050 1592 1254 1673 προσηκόντων
1286 1592 1492 1676 ἑξελογίζετο.
1531 1591 1583 1655 καὶ

244 1764 246 1770 ,
301 1703 392 1764 αὐτοῦ
416 1700 467 1764 καὶ
491 1705 578 1764 τοῦτο
604 1698 897 1779 προσλαμβάνοντες
922 1702 973 1765 οὐκ
997 1700 1156 1781 ε’λοόχιστα
1181 1699 1430 1784 κατειρνόζοντο.

341 1808 401 1866 Dio
424 1810 479 1882 60,
502 1809 537 1882 3,
561 1810 582 1866 2
602 1834 642 1857 =
665 1808 736 1867 Zon.
759 1809 811 1866 XI
830 1811 850 1867 8
865 1827 896 1884 p.
920 1811 987 1868 461.
1029 1812 1059 1872 οὐ
1091 1808 1192 1885 μέντοι
1223 1807 1275 1872 καὶ
1305 1804 1482 1886 παραυτίκα
1507 1806 1582 1868 αλλ’

302 1913 357 1992 idi
381 1912 433 1976 nai
456 1924 615 1994 τριακοστῇ
641 1914 737 1997 ἡμέρορ
761 1916 790 1986 ἐς
813 1916 867 1988 τὴν
891 1915 1004 1992 βουλὴν
1029 1913 1154 1988 ἐσῆλθε.
1180 1914 1229 1980 τόν
1253 1939 1288 1978 τε
1305 1913 1366 1993 γαρ
1385 1914 1473 1978 Γοόιον
1492 1911 1583 1982 οὕτως

301 2020 370 2100 ὅρων
395 2021 598 2095 οὶπολωλότα,
623 2018 674 2086 καὶ
698 2020 928 2100 πυνθανόμενός
952 2047 1036 2093 τινας
1061 2024 1098 2092 ὡς
1121 2022 1173 2087 καὶ
1198 2021 1359 2099 βελτίονας
1383 2021 1492 2084 ἑαυτοῦ
1509 2019 1582 2098 πρὸς

301 2131 356 2203 τὴν
387 2131 488 2209 ἀρχὴν
520 2132 573 2193 ὑπ’
598 2132 692 2203 αὐτῆς
718 2128 976 2210 προβεβλῆσθαι,
1008 2133 1059 2194 οὐκ
1083 2127 1225 2209 ἐθόρσει,
1258 2126 1346 2192 ainai
1370 2127 1410 2192 τοό
1434 2152 1469 2191 τε
1493 2125 1581 2190 όολλα

301 2237 431 2317 οὶκριβῶς
461 2236 674 2317 ἑφυλοόττετο,
706 2238 758 2302 καὶ
791 2237 913 2308 πάντας
944 2238 1012 2308 τοὺς
1045 2236 1223 2319 προσιόντας
1252 2236 1277 2300 οἱ
1307 2235 1357 2299 καὶ
1390 2234 1502 2314 ἄνδρας
1530 2233 1582 2297 καὶ

301 2351 452 2418 γυναῖκας
475 2343 655 2424 ἐρευνᾶσθαι
679 2345 770 2409 ἐποίει
794 2347 837 2423 μή
861 2369 890 2409 τι
913 2344 1045 2428 ξιφίδιον
1071 2345 1198 2424 ἔχωσιν,
1223 2341 1253 2406 ἕν
1276 2368 1311 2407 τε
1328 2349 1388 2414 τοῖς
1404 2341 1583 2418 συμποσίοις

302 2450 425 2521 πόντως
447 2449 531 2520 τινας
555 2452 743 2530 στρατιώτας
766 2450 908 2523 συνόντας
931 2445 1016 2531 εἶχε,
1042 2450 1093 2515 καὶ
1116 2456 1203 2515 τοῦτο
1228 2450 1284 2527 μὲν
1301 2451 1336 2531 ἐξ
1353 2448 1462 2513 ἐκείνου
1478 2471 1580 2511 κατα-

301 2555 428 2637 δειχθὲν
463 2558 514 2622 καὶ
549 2559 630 2638 δεῦρο
665 2558 713 2623 oiri
749 2559 903 2635 γίγνεται.
943 2560 959 2633 ἡ
991 2559 1023 2622 δὲ
1055 2560 1090 2633 δὴ
1124 2557 1226 2638 ἔρευνα
1259 2558 1275 2630 ἡ
1309 2555 1359 2620 bai
1384 2555 1504 2619 πιόντων
1530 2553 1581 2618 ε’πὶ

301 2668 531 2730 Οὐεσπασιανοῦ
556 2667 724 2732 ἐπαύσατο.

347 2773 444 2831 Victor
468 2775 575 2832 Caesa
594 2774 645 2832 IV
661 2778 684 2834 1.
726 2776 885 2848 Claudius,
907 2794 1087 2852 quamquam
1100 2810 1141 2818 —
1154 2775 1282 2851 pavidus
1297 2772 1387 2831 animi
1402 2776 1433 2831 et
1446 2769 1582 2845 ignavior

300 2886 395 2954 esset,
416 2883 559 2959 pleraque
579 2902 633 2959 per
653 2883 843 2942 formidinem
863 2888 964 2941 tamen
986 2882 1106 2958 egregie
1129 2881 1324 2941 consultabat.

341 2987 462 3063 (Victor)
485 2990 564 3064 Epit.
586 2991 606 3049 l
609 2990 636 3047 V
653 2992 682 3049 3.
725 2991 782 3049 Hic
801 3024 842 3032 —-
862 2991 988 3066 ignavus
1009 3009 1044 3049 ae
1064 2989 1199 3067 pavidus

300 3169 386 3217 minat
407 3167 465 3216 Tac.
488 3169 554 3219 Hist.
573 3169 646 3234 125,
671 3172 791 3220 centurio
809 3186 910 3220 memo-

301 3258 375 3302 ratur
392 3253 419 3303 C.
438 3255 456 3303 l.
475 3255 502 3303 L.
521 3255 557 3303 ΙΙΙ
575 3254 648 3304 5223.
666 3256 689 3304 x
706 3255 772 3305 6674
788 3273 819 3299 =
839 3257 910 3305 Dess.

300 3354 325 3386 n.
351 3337 430 3401 abac,
457 3340 609 3388 vexillarius
638 3346 665 3389 et
690 3342 760 3403 optio
782 3342 809 3390 in
832 3341 911 3390 titulo

301 3424 402 3472 urbano
433 3423 460 3473 C.
486 3426 506 3474 l.
532 3425 559 3474 L.
591 3426 623 3474 Vl
655 3426 718 3490 <205,
749 3442 829 3490 quem
860 3442 911 3476 uon

299 3509 504 3572 Domaszewski,
539 3511 580 3558 die
616 3511 734 3574 Religion
768 3512 815 3560 des
846 3513 910 3561 rbm.

300 3593 396 3643 Heeres
419 3610 441 3657 p.
460 3592 490 3642 91
510 3611 566 3659 sqq.
584 3611 600 3645 a
617 3597 824 3659 speculatoribus
843 3597 911 3659 posi·

299 3685 358 3728 turn
381 3694 439 3728 esse
456 3681 538 3728 docet.
562 3681 599 3729 Ex
617 3681 739 3731 omnibns
757 3682 911 3731 cohortibus

299 3766 436 3828 praetoriis
453 3768 530 3815 electi
547 3767 684 3829 videntur,
702 3766 910 3830 principalesque

299 3856 326 3899 et
343 3851 511 3900 centuriones
529 3866 620 3899 eorum
630 3851 910 3900 ceterosantecedunt.

298 3936 332 3984 Et
356 3936 383 3984 in
411 3936 475 3984 urbe
501 3939 528 3984 et
553 3941 627 3984 extra
650 3935 743 3984 urbem
766 3935 910 3998 principem

298 4021 472 4083 comitantur,
490 4022 522 4069 cf.
542 4021 600 4069 'Pac
620 4019 686 4068 Hist.
704 4021 728 4068 ll
745 4018 791 4068 ll:
817 4021 909 4083 ipsunt

300 4105 431 4155 Othonem
471 4106 672 4154 coutritabantur
710 4105 910 4166 specubttorunt

299 4184 366 4239 lecta
383 4205 496 4253 corpora
513 4205 575 4239 cunt
592 4191 686 4238 ceteris
702 4190 850 4251 praetoriis
867 4205 910 4239 co·

299 4277 427 4325 hortibus.
452 4275 524 4325 Suet.
543 4274 617 4323 Galb.
635 4273 681 4323 18:
705 4275 910 4324 descendentem

298 4362 449 4422 speculator
465 4362 587 4422 impulsu
606 4360 699 4408 turbae
717 4360 809 4409 lancea
823 4375 910 4422 prope

298 4447 461 4515 vulneravit.
475 4443 530 4493 Gai.
549 4442 590 4492 tl.
608 4444 718 4507 Equites
736 4444 858 4507 luerunt,
876 4445 909 4493 cf.

299 4528 325 4578 G.
338 4530 356 4577 l.
372 4531 398 4579 L.
416 4530 452 4579 XI
469 4527 559 4578 395:
570 4530 642 4579 Dess.
660 4545 685 4578 n.
700 4527 909 4578 2648:-caer-

297 4615 406 4664 citatori
415 4612 872 4676 aquidum)speculatorum.—G.l.
881 4613 908 4662 L.

299 4700 331 4747 Vl
355 4698 417 4747 ⁸205:
441 4695 632 4760 venatorius).
656 4697 729 4747 Suet.
753 4697 826 4746 Galb.
852 4699 867 4746 l.
891 4699 908 4748 l.

299 4784 368 4842 Quot
385 4785 563 4846 speculatores
580 4783 682 4833 Claudii
694 4786 782 4831 aetate
795 4782 908 4845 luerint,

296 4869 443 4931 incertum,
471 4883 532 4917 cnm
550 4873 640 4917 autern
658 4883 680 4916 a.
697 4864 791 4930 822l69
808 4867 836 4916 in
854 4881 909 4916 una

965 3169 1581 3233 cohortevigintiqrrattuorfuerint‚tuncigitur

966 3271 1057 3305 omnes
1082 3256 1220 3304 duodecim
1243 3255 1364 3304 cohortes
1385 3252 1580 3304 CCLXXXVIII

967 3341 1120 3389 habuerunt
1132 3337 1176 3400 (cl.
1185 3339 1244 3388 Tac.
1255 3339 1320 3388 Hist.
1331 3339 1391 3389 127.
1403 3337 1449 3389 31:
1463 3341 1580 3402 dilapsis

965 3425 1177 3488 speculatoribus
1186 3430 1274 3473 cetera
1283 3425 1383 3473 cohors.
1392 3423 1445 3488 35),
1459 3426 1580 3489 tortasse,

967 3514 997 3558 ut
1013 3525 1062 3557 von
1081 3509 1274 3559 Domaszewshi
1291 3511 1308 3558 l.
1325 3510 1340 3557 l.
1358 3509 1508 3572 suspicatus
1526 3514 1580 3573 est,

965 3599 1104 3644 trecentos.
1125 3595 1197 3642 idern
1217 3591 1245 3654 (l.
1265 3591 1294 3655 l.)
1314 3593 1484 3657 probabiliter
1502 3599 1580 3656 putat

966 3695 1108 3736 numerum
1127 3693 1218 3727 eorum
1237 3694 1252 3727 a
1269 3678 1374 3728 Nerone
1385 3683 1495 3727 auctum
1507 3694 1579 3741 esse,

965 3764 1109 3828 praefuisse
1132 3768 1224 3813 autem
1247 3763 1279 3812 iis
1296 3763 1356 3812 inde
1375 3762 1407 3811 ab
1425 3763 1471 3811 illa
1488 3767 1578 3812 aetate

964 3849 1156 3911 trecenarium,
1180 3848 1296 3910 primurn
1315 3846 1439 3909 praetorii
1456 3848 1576 3896 centuri-

964 3949 1042 3984 onem
1068 3931 1112 3994 (cs.
1136 3933 1283 3981 Mommsen
1311 3932 1375 3994 Eph.
1399 3932 1484 3995 Epigr.
1502 3932 1537 3981 IV
1555 3948 1578 3995 p.

963 4019 1013 4068 ‘242
1036 4017 1118 4082 sqq),
1142 4033 1203 4067 cum
1228 4021 1255 4066 et
1278 4017 1359 4066 huius
1376 4016 1460 4078 prima
1479 4017 1579 4066 mentio

965 4104 1010 4153 frat
1027 4104 1054 4152 in
1072 4103 1151 4152 titulo
1170 4102 1263 4151 aetatis
1282 4101 1461 4163 Neronianae,
1479 4104 1578 4150 etcert-

963 4189 1034 4238 turio
1052 4188 1247 4250 speculatorum
1266 4186 1353 4235 adhuc
1370 4185 1397 4233 in
1415 4186 1494 4234 titulo
1506 4185 1579 4235 eius-

964 4275 1024 4322 dem
1042 4273 1151 4335 aetatis,
1169 4286 1217 4320 nec
1235 4275 1323 4335 postea
1340 4275 1430 4319 tamen
1446 4285 1578 4320 memore-

963 4365 1016 4407 tur.
1034 4359 1113 4406 Plura
1122 4357 1181 4405 ride
1190 4356 1260 4419 apud
1270 4370 1320 4403 von
1330 4355 1523 4403 Domaszewski
1533 4356 1551 4404 l.
1561 4357 1577 4404 l.

996 4449 1165 4492 scrutatores.
1188 4442 1257 4490 hanc
1273 4440 1493 4489 consuetudinem
1512 4438 1577 4490 Ves-

965 4527 1087 4589 pasianus
1104 4527 1214 4575 demum
1234 4525 1335 4587 omisit,
1353 4526 1386 4573 cf.
1404 4525 1452 4573 Dio
1469 4523 1510 4586 60,
1519 4523 1543 4587 3,
1553 4523 1577 4574 3.

963 4610 1036 4660 Suet.
1058 4612 1133 4674 Vesp.
1151 4609 1175 4660 9.

996 4697 1161 4745 calaritariae
1193 4702 1241 4744 aaa
1271 4695 1452 4762 graphiariae
1479 4694 1576 4743 thecae.

963 4781 990 4828 iu
1008 4781 1086 4830 theca
1099 4781 1241 4830 calamaria
1253 4781 1295 4828 rel
1304 4778 1410 4828 libraria
1419 4776 1509 4839 (Mart.
1518 4777 1577 4827 XIV

962 4863 995 4914 ta
1020 4865 1048 4914 in
1072 4864 1126 4927 tit.)
1150 4870 1255 4928 praeter
1280 4864 1332 4914 alia
1349 4877 1418 4927 qnae
1435 4867 1577 4912 enumerat
