3322 5512
639 327 675 395 01

66 507 205 594 Bellum
244 510 347 594 civile
384 519 492 594 movit
529 520 660 594 Furius
698 513 870 595 Camillus
908 510 1173 615 Scribonianus,
1210 510 1294 595 Dei
1388 509 1427 596 C.
1456 516 1511 596 13.

56 737 115 796 Dio
138 740 193 812 60,
216 741 268 813 15,
291 741 307 796 1
328 757 389 814 sqq.
409 764 450 788 =
473 739 545 798 Ζονι.
566 738 619 798 XI
635 742 701 815 9ρ.
723 740 794 798 464.
843 736 935 808 εὐθὺς
967 739 1048 818 αὐτῷ
1071 737 1162 803 οίλλοι
1186 763 1220 803 τε
1244 739 1295 803 κοιί

18 845 141 915 ’Ἄννιος
165 845 350 916 Οὐινικιοινὸς
374 845 605 923 ἐπεβούλευσεν.
630 842 713 916 oriris
737 870 770 910 τε
794 845 855 925 γὰρ
880 847 914 909 ἐκ
937 847 994 910 τῶν
1011 846 1042 916 ἐς
1058 847 1112 920 τὴν
1129 845 1294 922 ἡμεμονίοιν

16 951 97 1028 μετίι
118 951 168 1016 τὸν
188 958 240 1017 τοῦ
262 952 352 1016 Γοιίου
373 949 511 1017 θοίνοιτον
533 950 771 1034 προβληθέντων
784 947 835 1027 ἦν,
856 951 910 1016 κοιί
925 976 953 1017 τι
966 952 1018 1016 aa>
1030 954 1065 1016 ἐκ
1076 953 1182 1017 τούτου
1194 952 1295 1023 δεδιὼς

15 1058 197 1140 ἐνεωτέρισεν
223 1082 230 1097 ·
255 1059 359 1132 ἐπειδή
390 1084 424 1124 τε
455 1059 595 1137 οὐδεμίαν
628 1060 716 1140 ἰσχὺν
749 1059 907 1134 ἐκέκτητο,
933 1058 1057 1140 ἔπεμψε
1082 1059 1154 1138 πρὸς
1177 1059 1293 1139 Φούριον

16 1164 175 1242 Κοίμιλλον
200 1166 419 1246 Σκριβυνιοονὸν
443 1174 497 1240 τῆς
521 1192 554 1230 τε
581 1166 763 1244 Δελμοιτίοος
787 1166 927 1247 ἄρχοιτο
950 1166 1003 1231 κοιί
1026 1167 1153 1244 δύναμιν
1178 1167 1293 1247 συχνὴν

16 1274 172 1347 πολιτικὴν
196 1273 247 1337 κοιί
271 1276 388 1357 ξενικὴν
413 1273 548 1355 ἔχοντοι,
572 1274 625 1338 κοιί
650 1273 881 1353 προσυνὲπεισεν
906 1273 996 1338 αὐτὸν
1020 1271 1072 1338 κοιί
1095 1270 1171 1337 καθ’
1187 1272 1294 1337 ἓοιυτὸν

15 1379 218 1457 διοινοοιίμενον
243 1382 470 1455 ἕποινοοστῆνοιι,
503 1380 606 1454 ἄλλοις
628 1406 662 1446 τε
685 1380 738 1445 aa}
760 1377 804 1445 ο“τι
828 1379 970 1464 ἐπίδοξος
993 1380 1200 1461 οιύτοιρχιίσειν
1224 1381 1293 1456 ἕνε-

15 1486 94 1563 νίνει
118 1539 125 1553 .
152 1487 327 1572 προίξοιντος
359 1489 390 1553 δὲ
419 1492 511 1554 οιῦτοῦ
535 1495 620 1554 τοῦτο
645 1490 752 1569 συχνοί
776 1489 832 1566 μὲν
856 1489 908 1553 κοιί
933 1487 1098 1566 βουλευταί
1122 1484 1174 1551 κοιί
1197 1487 1294 1561 ίππῆς

15 1594 86 1674 προς
117 1595 207 1659 οιύτὸν
232 1595 372 1676 ίίρμνσοιν
397 1647 404 1660 .
432 1651 438 1663 ,
464 1647 471 1661 .
496 1596 521 1661 οί
544 1595 605 1676 νίιρ
630 1597 833 1676 στροιτιῖοτοιι,
865 1600 916 1660 τοῦ
942 1593 1104 1672 Κοιμίλλου
1128 1593 1164 1658 τί
1185 1618 1219 1659 τε
1242 1600 1294 1659 τοῦ

15 1701 108 1778 δήμου
140 1701 243 1784 σφίσιν
267 1701 362 1780 ίνομοι
387 1702 588 1783 προτείνοντος
612 1703 663 1768 cai
688 1705 742 1777 τίιν
766 1701 903 1783 οίρχιοίοιν
928 1699 1104 1781 ἐλευθερίου
1128 1701 1293 1765 οίποδοίσειν

13 1808 273 1889 ὑπισχνουμένου,
308 1809 513 1874 ὑπώπτευσοιν
545 1809 725 1890 προίνμοιτοι
757 1805 848 1880 αὖθις
880 1809 931 1872 aa}
963 1807 1084 1881 στοίσεις
1115 1805 1209 1892 ἕξειν,
1242 1810 1294 1874 arti

14 1913 109 1978 οὐκέτ’
137 1917 219 1995 αὐτῷ
249 1906 437 1989 ἑπείσθνσοιν
464 1968 470 1982 .
496 1916 547 1981 aori
579 1916 591 1980 ί
616 1919 672 1994 μὲν
697 1919 731 1981 ἐκ
755 1917 861 1981 τούτου
886 1914 1041 1999 orcibeta
1066 1921 1150 1998 σΦοις
1174 1914 1292 1999 ἔφυγε,

14 2020 63 2084 aa>
87 2021 117 2090 ἐς
141 2023 195 2095 τὴν
220 2023 328 2086 Ἴσσοιν
352 2025 407 2096 τίον
431 2031 515 2096 νῆσον
540 2023 640 2088 ἐλθὼν
665 2022 804 2090 ἐντονῦθοι
828 2024 956 2096 ἑκούσιος
978 2020 1131 2088 οίπέθοινε.

55 2129 116 2188 Tac.
140 2131 220 2189 Aba.
242 2131 311 2189 XII
328 2133 379 2190 52.
421 2132 511 2192 Pater
541 2132 725 2193 Scriboniani
753 2133 898 2193 Camillus
925 2151 1007 2192 arma
1034 2150 1088 2209 per
1115 2129 1293 2190 Delmatiam

14 2241 150 2295 moverat.

55 2342 134 2402 Suet.
164 2344 238 2403 Ollio
260 2348 283 2404 1.
326 2348 428 2405 Ausus
449 2347 537 2406 etiam
559 2348 657 2407 estin
671 2347 795 2421 Illyrico
811 2348 921 2407 milites
936 2347 1096 2425 quosdam,
1117 2346 1197 2425 quod
1211 2351 1292 2405 motu

15 2449 134 2509 Camilli
162 2469 200 2511 ex
229 2452 411 2528 paenitentia
438 2455 622 2531 praepositos
644 2473 714 2514 suos
735 2455 820 2533 quasi
842 2454 1018 2514 defectionis
1039 2455 1184 2513 advorsus
1205 2453 1293 2513 Clau·

13 2556 94 2615 dium
115 2563 252 2618 auctores
274 2559 457 2634 occiderant,
479 2561 576 2637 capite
596 2562 711 2638 punire.

51 2664 129 2723 Ρίίνο.
152 2666 234 2741 epist.
255 2666 308 2725 III
324 2670 376 2740 16,
401 2671 425 2727 7.
467 2667 677 2727 Scribonianus
704 2687 785 2727 arma
812 2668 843 2727 in
864 2669 987 2744 Illyrico
1008 2678 1111 2727 contra
1133 2668 1291 2728 Claudium

12 2777 157 2831 moverat:
180 2774 278 2832 fuerat
292 2773 402 2833 Pactus
416 2774 447 2833 in
462 2774 597 2851 partibus
611 2781 642 2834 ct
656 2775 753 2835 occiso
768 2775 958 2835 Scriboniano
973 2775 1096 2834 Romam
1112 2775 1291 2834 trahebatur.

51 2879 174 2954 (Victor)
197 2881 277 2956 Itbaci.
299 2881 348 2939 IV
365 2884 393 2939 4.
435 2881 534 2941 Huius
561 2887 696 2959 tempore
725 2881 934 2943 Scribonianus
956 2882 1101 2943 Camillus
1121 2883 1200 2941 intra
1220 2882 1290 2941 Dal-

12 2987 116 3046 matias
136 2987 297 3064 imperator
317 2994 435 3048 creatus
456 2989 596 3048 continuo
617 2989 770 3048 occiditur.

53 3093 114 3152 Ibo.
135 3081 213 3153 Hui.
236 3095 256 3152 I
274 3097 322 3154 89,
364 3095 548 3154 Scriboniani
586 3102 688 3155 contra
727 3096 886 3156 Claudium
917 3097 1037 3174 incepta
1069 3097 1159 3156 simul
1189 3096 1291 3155 audita

11 3206 40 3260 et
59 3202 195 3261 coercita.

52 3309 115 3367 Tac.
137 3309 214 3368 Hisl.
235 3309 271 3368 II
290 3313 336 3369 75.
378 3310 428 3370 Sic
449 3311 677 3372 Scribonianum
698 3313 754 3371 sub
776 3312 901 3371 Claudio
920 3311 1129 3385 interiectum,
1160 3312 1203 3372 sic
1223 3331 1291 3389 pcr-

11 3433 160 3475 cussorom
181 3417 246 3476 eius
267 3417 458 3494 Volaginium
479 3436 496 3478 e
516 3419 653 3494 gregario
674 3419 712 3478 ad
734 3437 850 3478 summa
872 3418 995 3478 militias
1015 3424 1199 3495 provectum.

49 3524 129 3582 Plio.
150 3526 232 3600 epist.
254 3524 303 3583 III
320 3528 373 3598 16,
396 3528 422 3585 9.
464 3526 576 3585 Eadem
599 3527 707 3604 (Arria)
721 3527 801 3604 apud
816 3527 975 3586 Claudium
990 3526 1078 3585 uxori
1092 3526 1290 3600 Scriboniani,

10 3649 77 3690 cnm
97 3631 149 3689 illa
169 3632 359 3708 profiteretur
378 3632 538 3707 indicium,
560 3634 653 3709 „ego”
674 3634 772 3711 inquit
793 3638 841 3709 „te
862 3634 996 3708 audiam,
1017 3634 1104 3694 cuius
1125 3635 1155 3693 in
1176 3636 1289 3710 gremio

10 3736 217 3797 Scribonianus
238 3738 357 3798 occisus
378 3743 439 3812 est,
461 3747 492 3799 ct
513 3740 633 3799 vivis?'’

8 4007 115 4042 causam
138 3992 246 4042 Gallum
264 3999 370 4043 tantum
389 3996 550 4058 relegatum,
568 4011 621 4044 non
676 3996 758 4045 tantis
784 3995 873 4044 Asinio
899 3993 984 4044 Celeri
1001 3993 1092 4042 fratris
1110 3991 1179 4042 Galli
1196 3994 1288 4043 coniu-

9 4083 132 4128 necatum
159 4093 224 4127 esse.
251 4078 398 4127 Lehmanni
422 4079 556 4128 sententia
579 4079 620 4128 vix
674 4080 804 4130 rationem
832 4080 926 4130 mortis
955 4092 1061 4129 causam
1089 4078 1170 4130 baisse
1195 4077 1288 4139 proba-

8 4162 154 4225 probanda3
178 4163 226 4212 Dio
243 4161 300 4225 (ob,
318 4163 363 4225 27,
381 4161 408 4226 5)
430 4164 501 4212 enim
520 4168 620 4212 certam
675 4165 777 4215 bilitate
811 4181 864 4214 non
898 4169 983 4227 caret,
1017 4177 1080 4212 narn
1118 4161 1194 4211 Celer
1226 4167 1288 4212 ante

8 4261 114 4298 causam
141 4250 231 4312 affert,
260 4246 308 4297 bur
333 4247 424 4298 Gallus
451 4254 620 4312 contemptus
674 4250 771 4299 initum
801 4265 824 4300 a.
854 4246 945 4312 sublit
976 4249 1135 4297 interiectus
1166 4247 1201 4296 sit
1241 4262 1288 4296 ne-

8 4333 48 4381 sit.
80 4332 173 4396 Neque
205 4333 275 4396 quod
303 4333 350 4382 Dio
376 4334 392 4382 l.
410 4335 428 4382 l.
456 4334 620 4382 mentionem
674 4347 745 4382 cesse
779 4337 820 4382 est
845 4333 877 4382 ob
903 4334 1040 4382 silentium
1063 4332 1160 4395 Taciti,
1193 4332 1232 4381 ita
1258 4336 1289 4380 ut

8 4418 109 4466 nullam
133 4416 237 4466 Corvini
260 4417 336 4481 facit,
360 4416 458 4466 sufficit
482 4421 621 4466 utcontra
674 4418 784 4466 fortasse
810 4418 845 4480 ia,
870 4418 912 4467 cui
939 4417 1030 4466 Didius
1056 4415 1149 4465 Gallus
1174 4416 1203 4465 in
1224 4431 1288 4466 cura

7 4501 187 4552 testimonium
196 4501 314 4551 Suetonii
325 4501 467 4551 Corvinum
477 4506 504 4550 at
514 4501 618 4550 Gallum
674 4517 804 4566 aquarum
830 4502 957 4553 successit
980 4500 1062 4565 (quod
1086 4515 1156 4550 anno
1179 4500 1287 4550 demum

6 4585 109 4635 diverso
141 4590 259 4648 tempore
285 4586 461 4635 coniuravisse
487 4592 620 4648 putemus
673 4584 765 4650 800147
801 4587 887 4635 facere
917 4587 1015 4649 potuit,
1049 4587 1081 4635 cf.
1116 4585 1286 4648 Nion-Andr.

7 4668 147 4719 Corvinum
185 4674 276 4719 autem
312 4675 437 4719 necatum
472 4685 529 4720 esse
563 4671 619 4720 sine
674 4672 707 4720 ad
740 4672 798 4721 Tac.
831 4672 897 4721 Ann.
932 4671 980 4720 xll
1010 4669 1054 4730 15)
1080 4669 1187 4719 Asinius
1212 4668 1288 4719 Celer

6 4753 85 4803 dubio
102 4758 173 4803 recte
190 4754 311 4803 observat
323 4754 470 4803 Mommsen
482 4754 509 4804 0.
520 4756 538 4803 l.
549 4755 574 4803 L.
586 4755 619 4804 Vl
673 4756 769 4818 fuerit,
792 4757 903 4819 eiusque
926 4769 1023 4806 nomen
1046 4756 1073 4803 in
1098 4755 1193 4803 lacuna
1217 4756 1285 4818 apud

6 4853 29 4900 p.
43 4836 100 4888 ccl.
118 4837 178 4887 Alia
194 4839 306 4902 suspicio
324 4839 472 4888 Lehmanni
490 4840 518 4900 (l.
529 4838 558 4902 l.)
569 4855 618 4895 nu·
673 4839 830 4889 Frontinum
853 4855 894 4904 aq.
917 4838 968 4888 toa
984 4840 1160 4904 supplendum
1178 4840 1220 4890 sit.
