3322 5512
206 589 212 602 .
305 529 485 627 phalerato
518 541 553 606 et
586 531 620 605 in
649 542 746 606 veste
772 535 942 630 palmata,
969 535 1063 630 quod
1089 559 1168 609 eum
1194 535 1361 610 honorem
1387 532 1587 612 iteraverat.

352 658 488 733 XVIII.
545 657 653 734 Urbis
679 682 907 754 annonaeque
934 683 1052 732 curam
1078 660 1323 734 sollicitissime
1349 684 1487 758 semper
1505 662 1587 757 egit.

304 781 392 855 Cum
421 782 618 855 Aemiliana
644 782 854 877 pertinacius
879 783 1059 874 arderent,
1086 784 1119 856 in
1139 784 1328 859 diribitorio
1349 786 1488 859 duabus
1507 809 1587 860 noe-

302 905 396 979 tibus
417 907 563 997 mansit,
589 930 631 979 ac
652 906 833 980 deficiente
855 907 1002 980 militum
1020 931 1063 981 ae
1079 908 1290 981 familiarum
1308 910 1427 999 turba,
1455 910 1588 984 auxilio

302 1031 439 1126 plebem
466 1055 527 1126 per
553 1031 779 1126 magistratus
805 1054 848 1104 ex
874 1032 1035 1105 omnibus
1061 1033 1147 1105 vicis
1173 1035 1379 1108 convocavit
1404 1059 1446 1109 ac
1463 1036 1588 1132 positis

341 1205 401 1268 Dio
422 1208 503 1286 apud
525 1209 596 1269 Zea.
619 1207 672 1268 XI
690 1213 719 1268 11
735 1229 767 1286 p.
791 1211 862 1268 472.
904 1208 958 1272 rai
988 1233 1064 1274 ποτε
1096 1218 1212 1276 πολλοῦ
1243 1215 1296 1286 ria
1330 1213 1417 1278 πόλιν
1442 1215 1586 1294 ἐπινεμο-

302 1316 392 1392 ,ae'roa
429 1314 534 1395 πυρός,
575 1316 648 1395 πρὸς
683 1317 736 1389 rar
773 1314 942 1394 irrarvplxr
978 1315 1076 1396 ἐκείνῳ
1114 1319 1294 1405 (lacella)
1332 1321 1587 1400 evaraprre'rrro

303 1420 550 1510 (apparatae).

333 1646 402 1694 epiro
423 1633 573 1694 phalerato.
597 1633 629 1681 cf.
654 1632 748 1682 Suidas
766 1632 788 1680 ΙΙ
807 1647 829 1694 p.
848 1630 914 1680 4400

301 1715 397 1765 Bernh.
423 1712 531 1779 Φάλαρα
543 1727 548 1739 ’
561 1711 605 1770 τὰς
622 1712 835 1779 προμετωπίδας,
853 1711 914 1770 τοὺς

300 1796 487 1861 terroremve,
512 1796 560 1865 τὴν
583 1798 714 1864 κόσμησιν
738 1796 784 1864 τὴν
801 1795 913 1849 κατὰτὸ

299 1880 422 1946 μέτωπον
444 1889 497 1933 τῶν
514 1883 610 1934 ἴππσον
627 1890 654 1935 et
672 1886 750 1949 Ricb,
773 1886 834 1934 dict.
853 1901 872 1935 s.
891 1901 914 1936 v.

334 1970 363 2018 in
379 1976 457 2020 reate.
480 1971 529 2019 hoc
546 1969 698 2019 Graecismo
718 1970 822 2032 saepius
841 1969 913 2019 Suet.

301 2069 365 2103 usus
388 2059 435 2103 est.
458 2055 499 2103 lta
517 2056 593 2117 paulo
611 2059 691 2103 antea
709 2055 739 2103 in
756 2061 913 2116 praetexta;

299 2137 387 2187 Vitell.
410 2135 439 2187 8:
464 2139 494 2187 ia
516 2145 586 2187 veste
602 2140 756 2188 domestica.

332 2229 401 2272 verte
426 2225 552 2286 palmata
578 2224 594 2272 i.
621 2239 643 2272 e.
670 2224 762 2273 tunica
788 2226 912 2286 palmata.

299 2309 362 2358 Erat
371 2324 436 2372 opas
445 2311 510 2359 artis
520 2311 666 2372 plumariae
675 2309 719 2371 (de
728 2324 783 2374 qua
791 2311 823 2360 ci.
831 2311 913 2376 Marq.

299 2394 349 2444 Vit.
368 2393 448 2445 Priv.²
465 2412 488 2459 p.
502 2395 551 2445 538
560 2395 610 2459 sq.)
620 2411 684 2444 auro
694 2398 720 2445 in
731 2397 843 2445 formam
853 2397 913 2446 ioli-

299 2495 374 2528 orum
402 2482 552 2543 palmarum
577 2483 713 2542 insutum,
746 2482 778 2530 cs.
807 2481 912 2544 Dionys

299 2565 334 2612 lll
346 2563 387 2614 01.
399 2564 442 2614 62:
455 2569 554 2629 χιτῶνα
566 2570 726 2630 πορφυροῦν
734 2563 912 2630 χρυσόσημον.
924 2617 928 2624 ,

299 2648 392 2698 Festus
415 2665 438 2712 p.
462 2650 512 2699 252
529 2651 687 2701 Tlrewreclr:
712 2652 804 2701 tunica
821 2657 913 2700 autem

298 2734 421 2796 palmata
444 2752 461 2784 a
485 2737 631 2786 latitudine
649 2738 787 2785 clarorum
804 2736 912 2786 diceba-

300 2825 355 2881 tar,
374 2835 445 2882 qaae
461 2837 534 2871 aare
546 2838 562 2870 a
573 2837 671 2884 periere
682 2823 806 2884 picturae
818 2822 912 2883 appel-

300 2904 380 2953 latar.
399 2905 484 2954 Etiam
504 2904 614 2955 Crassus
631 2906 715 2970 igitur
731 2906 818 2955 caruit
832 2920 909 2954 curru

298 2993 326 3036 et
343 2994 404 3052 toga
423 2989 498 3051 picta.
518 2990 609 3040 Vestes
627 2991 802 3053 triumphales
819 3005 833 3038 e
851 2991 912 3038 tlre-

297 3088 374 3122 sauro
398 3072 519 3137 Capitolii
544 3076 689 3138 dabantur,
714 3081 741 3125 et
757 3080 815 3138 post
832 3090 912 3124 usum

297 3159 371 3206 reddi
404 3158 549 3222 debebant,
581 3160 613 3208 rf.
646 3160 696 3210 Vit.
724 3159 802 3211 Gord.
829 3159 858 3223 4,
884 3160 911 3208 4ε

296 3244 450 3305 palrratara
483 3245 604 3293 tunicare
636 3251 661 3293 et
693 3252 784 3309 tapam
808 3248 912 3308 pictam

295 3330 405 3390 periuras
445 3320 633 3378 Romanorum
674 3332 799 3393 privatas
833 3347 912 3380 saara

296 3414 441 3475 propriam
459 3414 568 3477 babuit,
585 3429 647 3463 cam
665 3421 746 3463 antea
763 3416 911 3477 imperato-

297 3512 339 3546 res
357 3497 441 3546 etiam
453 3498 487 3546 de
501 3497 633 3560 Capitolio
646 3500 686 3548 rel
697 3499 861 3562 dePalatio,
879 3500 910 3549 cl.

297 3582 443 3632 Mommsen
462 3581 522 3631 sm.
541 3580 563 3630 [³
578 3581 627 3631 410
643 3583 664 3631 A
679 3582 702 3632 l.
712 3582 728 3631 2
740 3600 770 3626 =
781 3582 862 3633 1²396
872 3600 910 3648 sq.

329 3668 485 3716 iteraverat.
504 3667 620 3728 primum
639 3674 796 3717 ornamenta
814 3670 911 3717 trium-

296 3751 387 3813 phalia
395 3751 507 3814 adeptus
516 3765 574 3800 esse
584 3752 688 3800 videtur
697 3753 801 3816 legatus
808 3752 911 3802 Claudii

296 3834 479 3884 Mauretaniae
497 3850 519 3884 a.
539 3833 637 3898 79441.
657 3836 750 3886 Annus
763 3852 793 3885 ex
805 3852 835 3886 eo
848 3853 910 3886 con·

296 3925 349 3967 stat
364 3920 434 3982 quod
448 3925 507 3982 post
519 3935 541 3969 a.
555 3918 647 3983 795l42
659 3919 719 3982 (Dio
732 3920 778 3983 60,
795 3920 820 3971 0.
832 3921 859 3982 5)
869 3924 910 3970 vel

296 4019 318 4051 a.
338 4002 443 4067 706443,
470 4010 500 4053 ut
520 4007 635 4069 praefert
652 4003 769 4068 (aguet,
796 4005 910 4054 l’Armde

296 4088 424 4137 Romaine
442 4104 474 4137 err
494 4089 605 4155 Afrique
624 4107 646 4154 p.
665 4089 710 4153 29,
729 4090 910 4139 Mauretaniae

294 4173 321 4220 in
342 4173 407 4222 duas
425 4179 513 4237 partes
527 4175 625 4224 divisae
638 4179 821 4238 procuratores
834 4191 909 4237 prae·

296 4257 418 4320 suerunt,
436 4264 465 4306 et
482 4273 503 4307 a.
517 4256 609 4321 705140
622 4257 649 4308 G.
663 4258 806 4308 Suetonius
820 4259 909 4307 Pauli-

296 4355 346 4389 nus
363 4346 390 4389 et
402 4340 448 4390 Gn.
463 4342 586 4392 Hosidius
598 4341 665 4392 Geta
677 4343 711 4392 ibi
725 4349 910 4406 pugnaverunt

294 4440 355 4473 eum
374 4425 473 4475 Mauris
491 4424 550 4487 (Dio
568 4425 614 4489 ro,
639 4425 668 4490 0,
692 4426 727 4489 l).
752 4426 790 4476 Cf.
809 4427 910 4491 Cagnat

294 4513 311 4559 l.
330 4512 346 4558 l.
365 4525 388 4572 p.
407 4510 453 4574 at,
472 4512 546 4561 Pallu
566 4513 598 4560 de
612 4512 728 4574 Lessert,
747 4513 784 4561 les
796 4527 909 4576 gaurer-

294 4609 375 4643 neurs
393 4596 424 4643 de
442 4598 467 4644 la
484 4596 650 4646 Mauretania
668 4612 691 4659 p.
709 4595 766 4645 413.
785 4597 822 4645 De
840 4597 909 4646 bello

294 4679 325 4727 cf.
342 4680 373 4727 ad
389 4679 451 4728 eil
464 4678 498 4742 (p.
510 4679 565 4741 tar:
581 4681 909 4730 decretis-ornamentis.

327 4777 458 4812 annonae.
495 4765 574 4813 buius
603 4780 693 4813 curam
721 4770 856 4814 testantur
882 4770 909 4813 et

294 4848 397 4897 nummi
424 4853 532 4898 senatus
557 4847 668 4910 (Ecklrel
695 4849 728 4898 VI
752 4849 801 4899 238
819 4865 857 4913 sq.
880 4866 907 4895 =

969 1630 1059 1679 Coben
1082 1629 1174 1681 Claud.
1198 1647 1223 1681 n.
1248 1631 1292 1694 74)
1316 1633 1343 1682 in
1365 1633 1464 1696 quibus
1483 1635 1586 1684 modius

968 1720 1067 1775 exstat,
1093 1721 1120 1765 et
1143 1717 1248 1766 nummi
1265 1718 1384 1767 eiusdem
1402 1714 1514 1780 (Eclrbel
1534 1721 1551 1769 l.
1568 1721 1585 1768 l.

967 1799 1158 1851 239=Cohen
1176 1805 1193 1852 l.
1211 1805 1227 1851 l.
1247 1818 1271 1851 n.
1291 1801 1334 1863 7⁴2)
1353 1804 1486 1867 inscripti:
1508 1804 1586 1854 Ceres

968 1887 1094 1949 Aarpasta
1110 1886 1137 1937 S.
1157 1886 1183 1935 C.

1001 1971 1166 2021 Aemiliana.
1185 1971 1229 2020 ubi
1248 1972 1313 2020 brec
1331 1972 1584 2021 luerintincerturn.

968 2054 1083 2119 Gilbert,
1105 2056 1214 2120 Topogr:
1239 2057 1271 2104 lll
1296 2072 1318 2119 p.
1346 2054 1395 2105 378
1413 2057 1435 2105 A
1452 2055 1468 2105 2
1485 2071 1518 2105 ex
1536 2057 1585 2105 hoc

968 2143 1023 2191 loco
1055 2140 1136 2190 elficit
1167 2141 1316 2190 Aemiliana
1343 2157 1359 2190 a
1384 2141 1531 2190 diribitorio
1557 2142 1584 2190 in

969 2226 1106 2275 meridiem
1124 2241 1216 2275 versus
1233 2226 1285 2275 sita
1302 2227 1391 2275 fnisse.
1417 2225 1474 2284 Quo
1492 2231 1584 2275 tamen

968 2328 1020 2361 uon
1051 2314 1169 2360 multum
1201 2313 1349 2373 lucramur,
1382 2326 1444 2360 narn
1472 2312 1504 2360 dc
1530 2312 1582 2361 situ

967 2396 1106 2444 diribitorii
1125 2397 1173 2444 lroc
1190 2400 1296 2444 tanatum
1314 2397 1448 2459 nouimus,
1466 2397 1584 2459 proxime

967 2479 1070 2543 Saeptis
1096 2480 1120 2528 id
1148 2479 1243 2541 fuisse,
1270 2480 1302 2528 ef.
1328 2482 1345 2528 l.
1363 2483 1380 2530 l.
1406 2496 1428 2543 p.
1452 2479 1502 2529 176
1520 2481 1542 2529 A
1560 2480 1583 2531 i.

964 2565 1004 2613 vEn
1023 2565 1071 2614 hoc
1088 2570 1179 2614 tamen
1197 2567 1253 2613 loco
1270 2565 1357 2627 colligi
1375 2569 1462 2628 potest
1479 2579 1511 2614 ea
1530 2580 1583 2614 non

969 2652 1045 2713 longe
1063 2664 1078 2698 a
1095 2649 1241 2699 diribitorio
1259 2651 1366 2698 aluisse.

1000 2735 1164 2784 diribitorio.
1205 2735 1395 2797 diribitoriurn,
1430 2734 1582 2784 aedilicium

967 2821 1084 2882 amplum
1104 2820 1131 2869 in
1149 2819 1247 2882 Campo
1263 2820 1357 2869 Martio
1370 2820 1488 2882 proxime
1501 2819 1582 2884 Saep-

967 2905 1001 2953 tis
1019 2905 1052 2954 ab
1069 2905 1184 2968 Agrippa
1200 2905 1368 2968 incohatum,
1388 2911 1418 2954 ut
1434 2906 1584 2955 diribitores

967 2990 1001 3038 ibi
1027 2990 1155 3053 suffragia
1183 2994 1370 3052 numerarent,
1403 2991 1435 3040 ab
1461 2991 1583 3055 Augusto

966 3090 988 3124 a.
1014 3070 1088 3136 74747
1113 3075 1259 3136 perlectum
1283 3075 1489 3138 dedicatumque
1510 3080 1583 3139 erat,

966 3161 998 3209 el.
1017 3160 1064 3210 Dio
1082 3159 1127 3222 55,
1146 3157 1176 3222 8,
1194 3159 1217 3209 4.
1235 3160 1324 3208 Minus
1342 3164 1413 3208 reete
1425 3158 1582 3210 Gilbertl.l.

966 3260 995 3293 cr
1016 3245 1102 3294 verbis
1120 3245 1210 3295 Dionis
1229 3243 1274 3306 50,
1294 3243 1323 3306 7,
1342 3243 1371 3292 8;
1389 3238 1435 3292 καὶ
1452 3240 1504 3307 εἴγε
1519 3240 1583 3292 ποτὲ

965 3325 992 3384 ἐς
1015 3324 1165 3392 ὑπερβολὴν
1187 3323 1329 3392 ἐπέφλεξε,
1353 3332 1390 3390 τῷ
1408 3324 1582 3392 διριβιτωρίῳ

966 3410 1119 3477 ἰκριωμένῳ
1134 3409 1252 3477 ἐχρῶντο
1262 3413 1368 3476 collegit
1377 3416 1479 3461 tectum
1490 3413 1581 3462 diribi-

965 3498 1025 3546 torii
1038 3496 1120 3561 (quod
1130 3499 1208 3560 paulo
1218 3499 1327 3546 demum
1337 3503 1399 3546 ante
1408 3498 1498 3547 Dionis
1508 3503 1581 3548 aeta-

965 3589 1019 3632 tem
1039 3583 1168 3645 dilapsum
1187 3597 1244 3631 esse
1261 3582 1378 3645 videtur,
1397 3584 1429 3632 ct.
1441 3582 1487 3647 55,
1506 3581 1536 3644 8,
1554 3583 1581 3644 4)

966 3684 981 3716 a
999 3667 1062 3717 Gaio
1080 3668 1244 3716 destructum
1264 3681 1329 3716 esse.

998 3752 1128 3800 utiliter-m.
1172 3751 1282 3814 vigilum
1323 3767 1437 3814 quornm
1478 3759 1581 3816 septem

966 3837 1038 3885 milia
1055 3837 1166 3884 luerunt
1183 3841 1210 3884 et
1227 3836 1460 3898 praetioranorum.

999 3921 1172 3982 fertiliorem
1206 3921 1291 3969 turba.
1325 3921 1451 3982 familiae
1477 3919 1582 3970 Claudii

964 4006 1171 4068 intelleguntur,
1196 4019 1257 4067 prae
1281 4005 1375 4054 ceteris
1399 4010 1490 4054 tamen
1508 4007 1580 4070 cogi-

964 4089 1077 4138 tandum
1087 4092 1128 4137 est
1137 4088 1168 4136 de
1178 4090 1293 4150 aquariis
1302 4095 1329 4139 et
1338 4090 1370 4139 de
1380 4091 1580 4154 gladiatoribus.

964 4175 1000 4222 Eu
1019 4175 1101 4222 Dione
1119 4173 1188 4236 apud
1208 4173 1266 4222 Zon.
1285 4174 1319 4223 XI
1338 4190 1362 4237 p.
1379 4173 1442 4234 470,
1461 4175 1580 4238 quisine

964 4259 1043 4308 dubio
1057 4259 1088 4307 de
1100 4259 1191 4307 ecdem
1205 4259 1327 4307 incendio
1337 4260 1469 4323 loquitur,
1487 4260 1580 4309 incen-

964 4345 1036 4392 dium
1047 4358 1071 4393 a.
1081 4341 1174 4406 806l53
1183 4343 1284 4391 tactum
1294 4357 1351 4392 esse
1361 4343 1508 4406 colligitur,
1518 4359 1578 4393 cum

964 4429 1077 4477 Zonaras
1101 4428 1179 4490 paulo
1203 4432 1265 4477 ante
1287 4427 1449 4475 matrimonii
1466 4426 1580 4477 Neronis

964 4518 991 4561 et
1017 4511 1140 4562 Octaviae
1167 4509 1201 4562 (a.
1228 4508 1333 4574 806l53,
1366 4512 1398 4559 cs.
1425 4511 1483 4560 Tac.
1510 4512 1579 4560 Arm.

963 4597 1011 4646 ΧΠ
1029 4595 1072 4650 58)
1091 4597 1254 4645 mentionem
1273 4595 1371 4644 feeerit.

995 4682 1108 4743 plebem.
1119 4695 1154 4729 sc.
1164 4681 1283 4743 quinque
1294 4684 1320 4728 et
1329 4679 1440 4742 triginta
1449 4679 1579 4743 tribuum,

963 4780 1032 4830 qliae
1050 4767 1216 4814 frumentum
1235 4764 1387 4828 accipiebat.

996 4851 1184 4910 atrapisrratas.
1204 4854 1309 4912 propter
1324 4849 1465 4912 sequentia
1477 4863 1578 4898 mont-
