<?xml version="1.0" encoding="UTF-8"?>
<!DOCTYPE html PUBLIC "-//W3C//DTD XHTML 1.0 Transitional//EN"
    "http://www.w3.org/TR/xhtml1/DTD/xhtml1-transitional.dtd">
<html xmlns="http://www.w3.org/1999/xhtml" xml:lang="en" lang="en">
 <head>
  <title>
</title>
<meta http-equiv="Content-Type" content="text/html;charset=utf-8" />
  <meta name='ocr-system' content='tesseract 3.04.00' />
  <meta name='ocr-capabilities' content='ocr_page ocr_carea ocr_par ocr_line ocrx_word'/>
</head>
<body>
  <div class='ocr_page' id='page_1' title='image "./vitadiviclaudii00smilgoog_0078.png"; bbox 0 0 3322 5512; ppageno 0'>
   <div class='ocr_carea' id='block_1_1' title="bbox 732 356 769 414">
    <p class='ocr_par' dir='ltr' id='par_1_1' title="bbox 732 356 769 414">
     <span class='ocr_line' id='line_1_1' title="bbox 732 356 769 414; baseline 0.027 -1"><span class='ocrx_word' id='word_1_1' title='bbox 732 356 769 414; x_wconf 84' lang='lat'>53</span> 
     </span>
    </p>
   </div>
   <div class='ocr_carea' id='block_1_2' title="bbox 110 542 1604 1389">
    <p class='ocr_par' dir='ltr' id='par_1_2' title="bbox 110 542 1604 765">
     <span class='ocr_line' id='line_1_2' title="bbox 111 542 1604 639; baseline 0.004 -24"><span class='ocrx_word' id='word_1_2' title='bbox 111 542 352 616; x_wconf 90' lang='lat' dir='ltr'>inhonoratum</span> <span class='ocrx_word' id='word_1_3' title='bbox 404 566 447 616; x_wconf 90' lang='lat' dir='ltr'>ao</span> <span class='ocrx_word' id='word_1_4' title='bbox 492 543 567 616; x_wconf 85' lang='lat' dir='ltr'>sine</span> <span class='ocrx_word' id='word_1_5' title='bbox 614 551 716 639; x_wconf 85' lang='lat' dir='ltr'>grata</span> <span class='ocrx_word' id='word_1_6' title='bbox 762 543 936 616; x_wconf 81' lang='lat' dir='ltr'>mentione</span> <span class='ocrx_word' id='word_1_7' title='bbox 983 542 1193 636; x_wconf 80' lang='lat' dir='ltr'><strong>transmisit,</strong></span> <span class='ocrx_word' id='word_1_8' title='bbox 1240 553 1389 618; x_wconf 84' lang='lat' dir='ltr'>testatus</span> <span class='ocrx_word' id='word_1_9' title='bbox 1482 545 1519 620; x_wconf 82' lang='lat' dir='ltr'>O.</span> <span class='ocrx_word' id='word_1_10' title='bbox 1550 552 1604 621; x_wconf 92' lang='grc'>11.</span> 
     </span>
     <span class='ocr_line' id='line_1_3' title="bbox 110 667 1391 765; baseline 0.002 -25"><span class='ocrx_word' id='word_1_11' title='bbox 110 667 286 762; x_wconf 91' lang='lat' dir='ltr'>quondam</span> <span class='ocrx_word' id='word_1_12' title='bbox 320 690 382 765; x_wconf 90' lang='lat' dir='ltr'>per</span> <span class='ocrx_word' id='word_1_13' title='bbox 416 667 585 759; x_wconf 89' lang='lat' dir='ltr'>edictum,</span> <span class='ocrx_word' id='word_1_14' title='bbox 618 677 715 742; x_wconf 90' lang='lat' dir='ltr'>tanto</span> <span class='ocrx_word' id='word_1_15' title='bbox 749 667 942 764; x_wconf 85' lang='lat' dir='ltr'>impensius</span> <span class='ocrx_word' id='word_1_16' title='bbox 967 677 1085 763; x_wconf 93' lang='lat' dir='ltr'>petere</span> <span class='ocrx_word' id='word_1_17' title='bbox 1111 691 1149 742; x_wconf 83' lang='lat' dir='ltr'>sc</span> <span class='ocrx_word' id='word_1_18' title='bbox 1175 679 1213 743; x_wconf 91' lang='lat' dir='ltr'>ut</span> <span class='ocrx_word' id='word_1_19' title='bbox 1238 670 1391 743; x_wconf 91' lang='lat' dir='ltr'>natalem</span> 
     </span>
    </p>

    <p class='ocr_par' dir='ltr' id='par_1_3' title="bbox 110 792 1389 888">
     <span class='ocr_line' id='line_1_4' title="bbox 110 792 1389 888; baseline 0 -22"><span class='ocrx_word' id='word_1_20' title='bbox 110 792 219 888; x_wconf 85' lang='lat' dir='ltr'>patris</span> <span class='ocrx_word' id='word_1_21' title='bbox 253 792 360 865; x_wconf 80' lang='lat' dir='ltr'>Drusi</span> <span class='ocrx_word' id='word_1_22' title='bbox 387 793 621 884; x_wconf 80' lang='lat' dir='ltr'>celebrarent,</span> <span class='ocrx_word' id='word_1_23' title='bbox 656 792 749 888; x_wconf 89' lang='lat' dir='ltr'>quod</span> <span class='ocrx_word' id='word_1_24' title='bbox 774 792 867 866; x_wconf 93' lang='lat' dir='ltr'>idem</span> <span class='ocrx_word' id='word_1_25' title='bbox 893 801 986 866; x_wconf 84' lang='lat' dir='ltr'>essct</span> <span class='ocrx_word' id='word_1_26' title='bbox 1012 801 1046 866; x_wconf 92' lang='lat' dir='ltr'>et</span> <span class='ocrx_word' id='word_1_27' title='bbox 1072 793 1130 865; x_wconf 91' lang='lat' dir='ltr'>avi</span> <span class='ocrx_word' id='word_1_28' title='bbox 1156 793 1209 866; x_wconf 85' lang='lat' dir='ltr'>sui</span> <span class='ocrx_word' id='word_1_29' title='bbox 1236 792 1389 868; x_wconf 84' lang='lat' dir='ltr'>Antonii.</span> 
     </span>
    </p>

    <p class='ocr_par' dir='ltr' id='par_1_4' title="bbox 111 917 1388 1012">
     <span class='ocr_line' id='line_1_5' title="bbox 111 917 1388 1012; baseline 0.002 -22"><span class='ocrx_word' id='word_1_30' title='bbox 111 917 252 991; x_wconf 83' lang='lat' dir='ltr'>Tiberio</span> <span class='ocrx_word' id='word_1_31' title='bbox 285 940 519 992; x_wconf 89' lang='lat' dir='ltr'>marmoreum</span> <span class='ocrx_word' id='word_1_32' title='bbox 554 941 673 991; x_wconf 90' lang='lat' dir='ltr'>arcum</span> <span class='ocrx_word' id='word_1_33' title='bbox 700 918 799 990; x_wconf 88' lang='lat' dir='ltr'>iuxta</span> <span class='ocrx_word' id='word_1_34' title='bbox 824 917 968 1012; x_wconf 84' lang='lat' dir='ltr'>Pompei</span> <span class='ocrx_word' id='word_1_35' title='bbox 994 917 1185 1009; x_wconf 85' lang='lat' dir='ltr'>theatrum,</span> <span class='ocrx_word' id='word_1_36' title='bbox 1212 918 1388 993; x_wconf 89' lang='lat' dir='ltr'>decretum</span> 
     </span>
    </p>

    <p class='ocr_par' dir='ltr' id='par_1_5' title="bbox 111 1041 1390 1139">
     <span class='ocr_line' id='line_1_6' title="bbox 111 1041 1390 1139; baseline 0.002 -24"><span class='ocrx_word' id='word_1_37' title='bbox 111 1041 248 1138; x_wconf 91' lang='lat' dir='ltr'>quidem</span> <span class='ocrx_word' id='word_1_38' title='bbox 283 1042 363 1116; x_wconf 92' lang='lat' dir='ltr'>olim</span> <span class='ocrx_word' id='word_1_39' title='bbox 398 1068 421 1116; x_wconf 90' lang='lat' dir='ltr'>a</span> <span class='ocrx_word' id='word_1_40' title='bbox 454 1052 579 1116; x_wconf 85' lang='lat' dir='ltr'>senatu</span> <span class='ocrx_word' id='word_1_41' title='bbox 606 1066 726 1116; x_wconf 93' lang='lat' dir='ltr'>verum</span> <span class='ocrx_word' id='word_1_42' title='bbox 754 1042 939 1125; x_wconf 83' lang='lat' dir='ltr'>omissum,</span> <span class='ocrx_word' id='word_1_43' title='bbox 974 1042 1117 1139; x_wconf 77' lang='lat' dir='ltr'>peregit.</span> <span class='ocrx_word' id='word_1_44' title='bbox 1144 1043 1225 1116; x_wconf 80' lang='lat' dir='ltr'>Gaii</span> <span class='ocrx_word' id='word_1_45' title='bbox 1250 1066 1390 1139; x_wconf 91' lang='lat' dir='ltr'>quoque</span> 
     </span>
    </p>

    <p class='ocr_par' dir='ltr' id='par_1_6' title="bbox 111 1166 1387 1389">
     <span class='ocr_line' id='line_1_7' title="bbox 111 1166 1387 1263; baseline 0.001 -23"><span class='ocrx_word' id='word_1_46' title='bbox 111 1167 172 1240; x_wconf 87' lang='lat' dir='ltr'>etsi</span> <span class='ocrx_word' id='word_1_47' title='bbox 200 1178 279 1241; x_wconf 86' lang='lat' dir='ltr'>acta</span> <span class='ocrx_word' id='word_1_48' title='bbox 304 1167 420 1240; x_wconf 91' lang='lat' dir='ltr'>omnia</span> <span class='ocrx_word' id='word_1_49' title='bbox 445 1167 605 1259; x_wconf 80' lang='lat' dir='ltr'>rescidit,</span> <span class='ocrx_word' id='word_1_50' title='bbox 632 1166 724 1240; x_wconf 92' lang='lat' dir='ltr'>diem</span> <span class='ocrx_word' id='word_1_51' title='bbox 750 1175 865 1240; x_wconf 89' lang='lat' dir='ltr'>tamen</span> <span class='ocrx_word' id='word_1_52' title='bbox 888 1167 1000 1258; x_wconf 87' lang='lat' dir='ltr'>necis,</span> <span class='ocrx_word' id='word_1_53' title='bbox 1027 1168 1189 1263; x_wconf 87' lang='lat' dir='ltr'>quamvis</span> <span class='ocrx_word' id='word_1_54' title='bbox 1207 1168 1387 1242; x_wconf 87' lang='lat' dir='ltr'>exordium</span> 
     </span>
     <span class='ocr_line' id='line_1_8' title="bbox 111 1291 963 1389; baseline -0.001 -25"><span class='ocrx_word' id='word_1_55' title='bbox 111 1292 323 1389; x_wconf 79' lang='lat' dir='ltr'>principatus</span> <span class='ocrx_word' id='word_1_56' title='bbox 349 1293 421 1384; x_wconf 84' lang='lat' dir='ltr'>sui,</span> <span class='ocrx_word' id='word_1_57' title='bbox 449 1292 558 1367; x_wconf 88' lang='lat' dir='ltr'>vetuit</span> <span class='ocrx_word' id='word_1_58' title='bbox 583 1292 674 1366; x_wconf 92' lang='lat' dir='ltr'>inter</span> <span class='ocrx_word' id='word_1_59' title='bbox 698 1296 807 1365; x_wconf 82' lang='lat' dir='ltr'>festos</span> <span class='ocrx_word' id='word_1_60' title='bbox 833 1291 963 1365; x_wconf 85' lang='lat' dir='ltr'>referri.</span> 
     </span>
    </p>
   </div>
   <div class='ocr_carea' id='block_1_3' title="bbox 108 1451 1388 2602">
    <p class='ocr_par' dir='ltr' id='par_1_7' title="bbox 110 1451 1388 1748">
     <span class='ocr_line' id='line_1_9' title="bbox 147 1451 1388 1533; baseline 0.003 -19"><span class='ocrx_word' id='word_1_61' title='bbox 147 1455 208 1514; x_wconf 80' lang='lat' dir='ltr'>Dio</span> <span class='ocrx_word' id='word_1_62' title='bbox 231 1458 286 1530; x_wconf 83' lang='lat'>60,</span> <span class='ocrx_word' id='word_1_63' title='bbox 308 1458 343 1529; x_wconf 77' lang='grc'>4,</span> <span class='ocrx_word' id='word_1_64' title='bbox 366 1459 388 1514; x_wconf 89' lang='lat' dir='ltr'>l.</span> <span class='ocrx_word' id='word_1_65' title='bbox 430 1453 470 1519; x_wconf 83' lang='grc' dir='ltr'>τοί</span> <span class='ocrx_word' id='word_1_66' title='bbox 494 1479 528 1518; x_wconf 85' lang='grc' dir='ltr'>τε</span> <span class='ocrx_word' id='word_1_67' title='bbox 552 1453 626 1528; x_wconf 77' lang='grc' dir='ltr'><em>τέλη</em></span> <span class='ocrx_word' id='word_1_68' title='bbox 651 1454 692 1518; x_wconf 75' lang='grc' dir='ltr'>τοι</span> <span class='ocrx_word' id='word_1_69' title='bbox 716 1453 767 1517; x_wconf 78' lang='grc' dir='ltr'><em>ε’τί</em></span> <span class='ocrx_word' id='word_1_70' title='bbox 790 1459 841 1518; x_wconf 78' lang='grc' dir='ltr'>τοῦ</span> <span class='ocrx_word' id='word_1_71' title='bbox 866 1452 956 1516; x_wconf 80' lang='grc' dir='ltr'><em>Γαίου</em></span> <span class='ocrx_word' id='word_1_72' title='bbox 979 1451 1180 1533; x_wconf 67' lang='grc' dir='ltr'><em>ἐσαχθέντα,</em></span> <span class='ocrx_word' id='word_1_73' title='bbox 1204 1453 1256 1517; x_wconf 75' lang='grc' dir='ltr'>καί</span> <span class='ocrx_word' id='word_1_74' title='bbox 1279 1452 1388 1518; x_wconf 73' lang='grc' dir='ltr'>τᾶλλα</span> 
     </span>
     <span class='ocr_line' id='line_1_10' title="bbox 110 1555 1387 1641; baseline 0 -16"><span class='ocrx_word' id='word_1_75' title='bbox 110 1558 163 1625; x_wconf 70' lang='grc' dir='ltr'><em>ὅσοι</em></span> <span class='ocrx_word' id='word_1_76' title='bbox 195 1561 360 1641; x_wconf 73' lang='grc' dir='ltr'><em>ε’τηρορίαν</em></span> <span class='ocrx_word' id='word_1_77' title='bbox 392 1560 459 1625; x_wconf 78' lang='grc' dir='ltr'><em>τινα</em></span> <span class='ocrx_word' id='word_1_78' title='bbox 490 1567 546 1625; x_wconf 79' lang='grc' dir='ltr'>τῶν</span> <span class='ocrx_word' id='word_1_79' title='bbox 580 1559 787 1640; x_wconf 69' lang='grc' dir='ltr'><em>πραχθέντων</em></span> <span class='ocrx_word' id='word_1_80' title='bbox 818 1561 870 1623; x_wconf 82' lang='grc' dir='ltr'>ὑπ’</span> <span class='ocrx_word' id='word_1_81' title='bbox 902 1561 994 1625; x_wconf 82' lang='grc' dir='ltr'><em>αὐτοῦ</em></span> <span class='ocrx_word' id='word_1_82' title='bbox 1025 1555 1110 1641; x_wconf 82' lang='grc' dir='ltr'><em>εἶχε,</em></span> <span class='ocrx_word' id='word_1_83' title='bbox 1141 1561 1289 1625; x_wconf 74' lang='grc' dir='ltr'><em>κατέλυσε</em></span> <span class='ocrx_word' id='word_1_84' title='bbox 1313 1562 1387 1639; x_wconf 80' lang='grc' dir='ltr'>μὲν,</span> 
     </span>
     <span class='ocr_line' id='line_1_11' title="bbox 110 1665 933 1748; baseline -0.002 -17"><span class='ocrx_word' id='word_1_85' title='bbox 110 1670 158 1731; x_wconf 83' lang='grc' dir='ltr'>οὐκ</span> <span class='ocrx_word' id='word_1_86' title='bbox 182 1665 283 1748; x_wconf 69' lang='grc' dir='ltr'><em>οὶθρία</em></span> <span class='ocrx_word' id='word_1_87' title='bbox 309 1667 358 1739; x_wconf 81' lang='grc' dir='ltr'>δέ,</span> <span class='ocrx_word' id='word_1_88' title='bbox 382 1668 456 1731; x_wconf 68' lang='grc' dir='ltr'>ἀλλ’</span> <span class='ocrx_word' id='word_1_89' title='bbox 481 1669 519 1738; x_wconf 82' lang='grc' dir='ltr'>ὠς</span> <span class='ocrx_word' id='word_1_90' title='bbox 543 1666 660 1745; x_wconf 77' lang='grc' dir='ltr'><em>ἓνοίστῳ</em></span> <span class='ocrx_word' id='word_1_91' title='bbox 686 1690 727 1744; x_wconf 87' lang='grc' dir='ltr'>τη</span> <span class='ocrx_word' id='word_1_92' title='bbox 753 1667 933 1746; x_wconf 82' lang='grc' dir='ltr'><em>τροσὲτυχε.</em></span> 
     </span>
    </p>

    <p class='ocr_par' dir='ltr' id='par_1_8' title="bbox 108 1774 1386 2391">
     <span class='ocr_line' id='line_1_12' title="bbox 147 1774 1386 1854; baseline 0.005 -21"><span class='ocrx_word' id='word_1_93' title='bbox 147 1776 207 1833; x_wconf 81' lang='lat' dir='ltr'>Dio</span> <span class='ocrx_word' id='word_1_94' title='bbox 241 1779 296 1848; x_wconf 82' lang='lat'>60,</span> <span class='ocrx_word' id='word_1_95' title='bbox 326 1778 360 1848; x_wconf 76' lang='lat'>4,</span> <span class='ocrx_word' id='word_1_96' title='bbox 389 1778 408 1832; x_wconf 77' lang='lat'><em>5</em></span> <span class='ocrx_word' id='word_1_97' title='bbox 428 1801 468 1825; x_wconf 94' lang='lat'>=</span> <span class='ocrx_word' id='word_1_98' title='bbox 491 1775 562 1833; x_wconf 83' lang='lat' dir='ltr'>Zon.</span> <span class='ocrx_word' id='word_1_99' title='bbox 591 1775 641 1833; x_wconf 86' lang='lat' dir='ltr'>XI</span> <span class='ocrx_word' id='word_1_100' title='bbox 668 1780 688 1832; x_wconf 71' lang='grc'><em>8</em></span> <span class='ocrx_word' id='word_1_101' title='bbox 704 1793 735 1850; x_wconf 85' lang='lat' dir='ltr'>p.</span> <span class='ocrx_word' id='word_1_102' title='bbox 759 1776 824 1832; x_wconf 68' lang='grc'><strong>461.</strong></span> <span class='ocrx_word' id='word_1_103' title='bbox 867 1781 920 1847; x_wconf 75' lang='grc' dir='ltr'>τῆς</span> <span class='ocrx_word' id='word_1_104' title='bbox 961 1798 995 1838; x_wconf 89' lang='grc' dir='ltr'>τε</span> <span class='ocrx_word' id='word_1_105' title='bbox 1037 1774 1194 1854; x_wconf 75' lang='grc' dir='ltr'><em>γερουσίας</em></span> <span class='ocrx_word' id='word_1_106' title='bbox 1233 1776 1386 1851; x_wconf 75' lang='grc' dir='ltr'><em>οὶτιμὶοσαι</em></span> 
     </span>
     <span class='ocr_line' id='line_1_13' title="bbox 109 1879 1386 1964; baseline 0.001 -21"><span class='ocrx_word' id='word_1_107' title='bbox 109 1881 156 1944; x_wconf 84' lang='grc' dir='ltr'>τον</span> <span class='ocrx_word' id='word_1_108' title='bbox 189 1880 276 1946; x_wconf 81' lang='grc' dir='ltr'><em>Γοίιον</em></span> <span class='ocrx_word' id='word_1_109' title='bbox 308 1879 502 1954; x_wconf 58' lang='lat' dir='ltr'>{braccara-</span> <span class='ocrx_word' id='word_1_110' title='bbox 532 1880 731 1963; x_wconf 66' lang='grc' dir='ltr'><em>ψηφισθῆναι</em></span> <span class='ocrx_word' id='word_1_111' title='bbox 762 1882 818 1958; x_wconf 79' lang='grc' dir='ltr'>μὲν</span> <span class='ocrx_word' id='word_1_112' title='bbox 849 1882 958 1952; x_wconf 78' lang='grc' dir='ltr'><em>αὐτοὺς</em></span> <span class='ocrx_word' id='word_1_113' title='bbox 989 1881 1155 1956; x_wconf 77' lang='grc' dir='ltr'><em>ἐκώλυσεν,</em></span> <span class='ocrx_word' id='word_1_114' title='bbox 1187 1882 1247 1964; x_wconf 83' lang='grc' dir='ltr'><em>ίδίρι</em></span> <span class='ocrx_word' id='word_1_115' title='bbox 1273 1882 1304 1945; x_wconf 82' lang='grc' dir='ltr'>δὲ</span> <span class='ocrx_word' id='word_1_116' title='bbox 1329 1880 1386 1953; x_wconf 74' lang='grc' dir='ltr'><em>τοὶς</em></span> 
     </span>
     <span class='ocr_line' id='line_1_14' title="bbox 108 1987 1385 2070; baseline 0.001 -19"><span class='ocrx_word' id='word_1_117' title='bbox 108 1987 222 2059; x_wconf 79' lang='grc' dir='ltr'><em>εἰκόνας</em></span> <span class='ocrx_word' id='word_1_118' title='bbox 245 1991 337 2053; x_wconf 82' lang='grc' dir='ltr'><em>αὐτοῦ</em></span> <span class='ocrx_word' id='word_1_119' title='bbox 361 1988 464 2057; x_wconf 81' lang='grc' dir='ltr'><em>νυκτὸς</em></span> <span class='ocrx_word' id='word_1_120' title='bbox 487 1987 615 2061; x_wconf 82' lang='grc' dir='ltr'><em>οὶτοίσας</em></span> <span class='ocrx_word' id='word_1_121' title='bbox 639 1987 778 2070; x_wconf 71' lang='grc' dir='ltr'><em>η’Φοίνιοε.</em></span> <span class='ocrx_word' id='word_1_122' title='bbox 803 1987 855 2051; x_wconf 77' lang='grc' dir='ltr'>καί</span> <span class='ocrx_word' id='word_1_123' title='bbox 875 1987 925 2051; x_wconf 80' lang='grc' dir='ltr'><em>διοὶ</em></span> <span class='ocrx_word' id='word_1_124' title='bbox 942 1993 1043 2052; x_wconf 81' lang='grc' dir='ltr'><em>ταῦτα</em></span> <span class='ocrx_word' id='word_1_125' title='bbox 1058 1987 1091 2052; x_wconf 82' lang='grc' dir='ltr'>τὸ</span> <span class='ocrx_word' id='word_1_126' title='bbox 1107 1989 1164 2066; x_wconf 81' lang='grc' dir='ltr'>μὲν</span> <span class='ocrx_word' id='word_1_127' title='bbox 1181 1987 1276 2067; x_wconf 73' lang='grc' dir='ltr'><em>ὄνομα</em></span> <span class='ocrx_word' id='word_1_128' title='bbox 1293 1990 1385 2053; x_wconf 76' lang='grc' dir='ltr'><em>αὐτοῦ</em></span> 
     </span>
     <span class='ocr_line' id='line_1_15' title="bbox 109 2089 1385 2176; baseline 0 -18"><span class='ocrx_word' id='word_1_129' title='bbox 109 2097 157 2158; x_wconf 87' lang='grc' dir='ltr'>οὐκ</span> <span class='ocrx_word' id='word_1_130' title='bbox 189 2094 267 2160; x_wconf 85' lang='grc' dir='ltr'><em>ἔστιν</em></span> <span class='ocrx_word' id='word_1_131' title='bbox 300 2099 328 2159; x_wconf 83' lang='grc' dir='ltr'>ἐν</span> <span class='ocrx_word' id='word_1_132' title='bbox 360 2098 401 2176; x_wconf 73' lang='grc' dir='ltr'>τῷ</span> <span class='ocrx_word' id='word_1_133' title='bbox 433 2095 601 2176; x_wconf 73' lang='grc' dir='ltr'><em>καταλόγῳ</em></span> <span class='ocrx_word' id='word_1_134' title='bbox 630 2100 687 2161; x_wconf 73' lang='grc' dir='ltr'><em>τιον</em></span> <span class='ocrx_word' id='word_1_135' title='bbox 711 2095 954 2174; x_wconf 71' lang='grc' dir='ltr'><em>αὐτοκρατόρων,</em></span> <span class='ocrx_word' id='word_1_136' title='bbox 986 2089 1022 2158; x_wconf 74' lang='grc' dir='ltr'>ὧν</span> <span class='ocrx_word' id='word_1_137' title='bbox 1046 2096 1167 2174; x_wconf 79' lang='grc' dir='ltr'><em>μνημην</em></span> <span class='ocrx_word' id='word_1_138' title='bbox 1191 2096 1245 2160; x_wconf 85' lang='grc' dir='ltr'><em>ε’τί</em></span> <span class='ocrx_word' id='word_1_139' title='bbox 1266 2120 1299 2160; x_wconf 91' lang='grc' dir='ltr'>τε</span> <span class='ocrx_word' id='word_1_140' title='bbox 1324 2103 1385 2166; x_wconf 82' lang='grc' dir='ltr'><em>τοῖς</em></span> 
     </span>
     <span class='ocr_line' id='line_1_16' title="bbox 109 2197 1384 2282; baseline 0.002 -18"><span class='ocrx_word' id='word_1_141' title='bbox 109 2197 198 2281; x_wconf 75' lang='grc' dir='ltr'><em>ὅρκοις</em></span> <span class='ocrx_word' id='word_1_142' title='bbox 228 2203 280 2266; x_wconf 77' lang='grc' dir='ltr'>καί</span> <span class='ocrx_word' id='word_1_143' title='bbox 313 2202 364 2265; x_wconf 79' lang='grc' dir='ltr'>ἐπὶ</span> <span class='ocrx_word' id='word_1_144' title='bbox 395 2210 464 2272; x_wconf 75' lang='grc' dir='ltr'><em>ταῖς</em></span> <span class='ocrx_word' id='word_1_145' title='bbox 494 2205 604 2282; x_wconf 81' lang='grc' dir='ltr'><em>εὐχαῖς</em></span> <span class='ocrx_word' id='word_1_146' title='bbox 637 2200 826 2278; x_wconf 65' lang='grc' dir='ltr'><em>ποιούμεθα,</em></span> <span class='ocrx_word' id='word_1_147' title='bbox 859 2201 954 2282; x_wconf 62' lang='grc' dir='ltr'><em>ὥσπερ</em></span> <span class='ocrx_word' id='word_1_148' title='bbox 987 2203 1052 2266; x_wconf 78' lang='grc' dir='ltr'><em>οὐδὲ</em></span> <span class='ocrx_word' id='word_1_149' title='bbox 1084 2203 1118 2267; x_wconf 84' lang='grc' dir='ltr'>τδ</span> <span class='ocrx_word' id='word_1_150' title='bbox 1150 2209 1201 2267; x_wconf 86' lang='grc' dir='ltr'>τοῦ</span> <span class='ocrx_word' id='word_1_151' title='bbox 1225 2202 1384 2282; x_wconf 79' lang='grc' dir='ltr'>Τιβεριὸυ,</span> 
     </span>
     <span class='ocr_line' id='line_1_17' title="bbox 111 2304 1137 2391; baseline 0.004 -21"><span class='ocrx_word' id='word_1_152' title='bbox 111 2310 140 2371; x_wconf 85' lang='grc' dir='ltr'>οὐ</span> <span class='ocrx_word' id='word_1_153' title='bbox 164 2307 267 2384; x_wconf 83' lang='grc' dir='ltr'><em>με’ντοι</em></span> <span class='ocrx_word' id='word_1_154' title='bbox 291 2310 343 2372; x_wconf 77' lang='grc' dir='ltr'>καὶ</span> <span class='ocrx_word' id='word_1_155' title='bbox 367 2311 401 2372; x_wconf 79' lang='grc' dir='ltr'>ἐκ</span> <span class='ocrx_word' id='word_1_156' title='bbox 425 2308 582 2385; x_wconf 63' lang='grc' dir='ltr'><em>δόγματος</em></span> <span class='ocrx_word' id='word_1_157' title='bbox 606 2309 733 2386; x_wconf 80' lang='grc' dir='ltr'><em>οὶτιμίαν</em></span> <span class='ocrx_word' id='word_1_158' title='bbox 758 2308 907 2388; x_wconf 74' lang='grc' dir='ltr'><em>οὐδέτερος</em></span> <span class='ocrx_word' id='word_1_159' title='bbox 931 2316 1015 2390; x_wconf 72' lang='grc' dir='ltr'><em>σφων</em></span> <span class='ocrx_word' id='word_1_160' title='bbox 1040 2304 1137 2391; x_wconf 76' lang='grc' dir='ltr'><em>ὦφλε.</em></span> 
     </span>
    </p>

    <p class='ocr_par' dir='ltr' id='par_1_9' title="bbox 109 2410 1382 2602">
     <span class='ocr_line' id='line_1_18' title="bbox 148 2410 1382 2498; baseline 0.005 -24"><span class='ocrx_word' id='word_1_161' title='bbox 148 2415 284 2489; x_wconf 77' lang='lat' dir='ltr'>DiodO,</span> <span class='ocrx_word' id='word_1_162' title='bbox 309 2419 387 2489; x_wconf 80' lang='lat'>5,1.</span> <span class='ocrx_word' id='word_1_163' title='bbox 430 2415 470 2479; x_wconf 80' lang='lat' dir='ltr'>rol</span> <span class='ocrx_word' id='word_1_164' title='bbox 502 2416 557 2491; x_wconf 79' lang='grc' dir='ltr'>μὲν</span> <span class='ocrx_word' id='word_1_165' title='bbox 589 2416 623 2489; x_wconf 78' lang='grc' dir='ltr'>δη</span> <span class='ocrx_word' id='word_1_166' title='bbox 657 2410 703 2479; x_wconf 78' lang='grc' dir='ltr'>οὖν</span> <span class='ocrx_word' id='word_1_167' title='bbox 735 2415 795 2479; x_wconf 67' lang='lat' dir='ltr'>dard</span> <span class='ocrx_word' id='word_1_168' title='bbox 817 2441 851 2479; x_wconf 89' lang='grc' dir='ltr'>τε</span> <span class='ocrx_word' id='word_1_169' title='bbox 874 2423 925 2482; x_wconf 84' lang='grc' dir='ltr'>τοῦ</span> <span class='ocrx_word' id='word_1_170' title='bbox 950 2417 1039 2481; x_wconf 82' lang='grc' dir='ltr'><em>Γαίου</em></span> <span class='ocrx_word' id='word_1_171' title='bbox 1063 2417 1114 2480; x_wconf 79' lang='grc' dir='ltr'>καί</span> <span class='ocrx_word' id='word_1_172' title='bbox 1137 2419 1192 2498; x_wconf 71' lang='grc' dir='ltr'>ὑφ’</span> <span class='ocrx_word' id='word_1_173' title='bbox 1217 2416 1321 2496; x_wconf 76' lang='grc' dir='ltr'><em>ἑτέραν</em></span> <span class='ocrx_word' id='word_1_174' title='bbox 1346 2417 1382 2480; x_wconf 88' lang='grc' dir='ltr'>δι’</span> 
     </span>
     <span class='ocr_line' id='line_1_19' title="bbox 109 2521 762 2602; baseline 0.006 -18"><span class='ocrx_word' id='word_1_175' title='bbox 109 2523 215 2591; x_wconf 84' lang='grc' dir='ltr'><em>ἐκεῖνον</em></span> <span class='ocrx_word' id='word_1_176' title='bbox 241 2524 291 2587; x_wconf 79' lang='grc' dir='ltr'>οὐκ</span> <span class='ocrx_word' id='word_1_177' title='bbox 315 2521 408 2601; x_wconf 67' lang='grc' dir='ltr'><em>ὀρθῶς</em></span> <span class='ocrx_word' id='word_1_178' title='bbox 432 2523 582 2600; x_wconf 75' lang='grc' dir='ltr'><em>γενόμενα</em></span> <span class='ocrx_word' id='word_1_179' title='bbox 607 2525 762 2602; x_wconf 76' lang='grc' dir='ltr'><em>οὶνὲτρεψε.</em></span> 
     </span>
    </p>
   </div>
   <div class='ocr_carea' id='block_1_4' title="bbox 145 2626 1383 2712">
    <p class='ocr_par' dir='ltr' id='par_1_10' title="bbox 145 2626 1383 2712">
     <span class='ocr_line' id='line_1_20' title="bbox 145 2626 1383 2712; baseline 0.004 -25"><span class='ocrx_word' id='word_1_180' title='bbox 145 2629 205 2688; x_wconf 78' lang='lat' dir='ltr'>Dic</span> <span class='ocrx_word' id='word_1_181' title='bbox 228 2633 357 2704; x_wconf 79' lang='lat'>60,12,</span> <span class='ocrx_word' id='word_1_182' title='bbox 380 2633 458 2689; x_wconf 71' lang='lat' dir='ltr'>ar.</span> <span class='ocrx_word' id='word_1_183' title='bbox 501 2629 529 2694; x_wconf 79' lang='grc' dir='ltr'>ἔν</span> <span class='ocrx_word' id='word_1_184' title='bbox 554 2656 588 2694; x_wconf 89' lang='grc' dir='ltr'>τε</span> <span class='ocrx_word' id='word_1_185' title='bbox 611 2641 647 2710; x_wconf 74' lang='grc' dir='ltr'>τῇ</span> <span class='ocrx_word' id='word_1_186' title='bbox 674 2630 770 2712; x_wconf 69' lang='grc' dir='ltr'><em>η’μέρρι</em></span> <span class='ocrx_word' id='word_1_187' title='bbox 795 2632 824 2693; x_wconf 84' lang='grc' dir='ltr'>ἕν</span> <span class='ocrx_word' id='word_1_188' title='bbox 849 2626 866 2708; x_wconf 75' lang='grc' dir='ltr'><em>ᾗ</em></span> <span class='ocrx_word' id='word_1_189' title='bbox 890 2630 1081 2710; x_wconf 68' lang='grc' dir='ltr'><em>αὐτοκράτωρ</em></span> <span class='ocrx_word' id='word_1_190' title='bbox 1106 2631 1147 2710; x_wconf 77' lang='grc' dir='ltr'>τῷ</span> <span class='ocrx_word' id='word_1_191' title='bbox 1172 2629 1299 2709; x_wconf 75' lang='grc' dir='ltr'><em>τροτέρορ</em></span> <span class='ocrx_word' id='word_1_192' title='bbox 1325 2626 1383 2692; x_wconf 78' lang='grc' dir='ltr'><em>ἔτει</em></span> 
     </span>
    </p>
   </div>
   <div class='ocr_carea' id='block_1_5' title="bbox 105 2733 1384 3138">
    <p class='ocr_par' dir='ltr' id='par_1_11' title="bbox 105 2733 1384 3138">
     <span class='ocr_line' id='line_1_21' title="bbox 108 2733 1384 2820; baseline 0.001 -24"><span class='ocrx_word' id='word_1_193' title='bbox 108 2733 303 2816; x_wconf 66' lang='grc' dir='ltr'><em>ἀπεδείχθη,</em></span> <span class='ocrx_word' id='word_1_194' title='bbox 327 2737 418 2807; x_wconf 80' lang='grc' dir='ltr'><em>αὐτὸς</em></span> <span class='ocrx_word' id='word_1_195' title='bbox 442 2738 497 2813; x_wconf 83' lang='grc' dir='ltr'>μὲν</span> <span class='ocrx_word' id='word_1_196' title='bbox 523 2738 603 2801; x_wconf 81' lang='grc' dir='ltr'><em>οὐδὲν</em></span> <span class='ocrx_word' id='word_1_197' title='bbox 628 2738 779 2820; x_wconf 75' lang='grc' dir='ltr'><em>ἐξαίρετον</em></span> <span class='ocrx_word' id='word_1_198' title='bbox 805 2736 938 2820; x_wconf 76' lang='grc' dir='ltr'>ἔπραξε,</span> <span class='ocrx_word' id='word_1_199' title='bbox 964 2739 1045 2810; x_wconf 78' lang='grc' dir='ltr'><em>τλην</em></span> <span class='ocrx_word' id='word_1_200' title='bbox 1070 2733 1113 2800; x_wconf 73' lang='grc' dir='ltr'>ὅτι</span> <span class='ocrx_word' id='word_1_201' title='bbox 1137 2744 1197 2807; x_wconf 84' lang='grc' dir='ltr'><em>τοῖς</em></span> <span class='ocrx_word' id='word_1_202' title='bbox 1214 2735 1384 2816; x_wconf 71' lang='grc' dir='ltr'><em>δορυφόροις</em></span> 
     </span>
     <span class='ocr_line' id='line_1_22' title="bbox 108 2841 1383 2924; baseline 0 -20"><span class='ocrx_word' id='word_1_203' title='bbox 108 2842 196 2907; x_wconf 80' lang='grc' dir='ltr'><em>πέντε</em></span> <span class='ocrx_word' id='word_1_204' title='bbox 228 2844 280 2907; x_wconf 77' lang='grc' dir='ltr'>καί</span> <span class='ocrx_word' id='word_1_205' title='bbox 306 2843 393 2908; x_wconf 79' lang='grc' dir='ltr'><em>εἴκοσι</em></span> <span class='ocrx_word' id='word_1_206' title='bbox 418 2844 566 2924; x_wconf 77' lang='grc' dir='ltr'><em>δραχμας</em></span> <span class='ocrx_word' id='word_1_207' title='bbox 592 2843 699 2918; x_wconf 79' lang='grc' dir='ltr'><em>ἔδακε,</em></span> <span class='ocrx_word' id='word_1_208' title='bbox 734 2846 786 2908; x_wconf 77' lang='grc' dir='ltr'>καὶ</span> <span class='ocrx_word' id='word_1_209' title='bbox 811 2853 896 2909; x_wconf 74' lang='grc' dir='ltr'><em>τοῦτο</em></span> <span class='ocrx_word' id='word_1_210' title='bbox 922 2843 1030 2908; x_wconf 79' lang='grc' dir='ltr'><em>ἔπειτα</em></span> <span class='ocrx_word' id='word_1_211' title='bbox 1054 2846 1124 2907; x_wconf 83' lang='grc' dir='ltr'><em>κατ’</em></span> <span class='ocrx_word' id='word_1_212' title='bbox 1149 2841 1214 2914; x_wconf 84' lang='grc' dir='ltr'><em>ἔτος</em></span> <span class='ocrx_word' id='word_1_213' title='bbox 1238 2842 1383 2915; x_wconf 79' lang='grc' dir='ltr'><em>ἐποίησε·</em></span> 
     </span>
     <span class='ocr_line' id='line_1_23' title="bbox 105 2947 1383 3031; baseline -0.002 -19"><span class='ocrx_word' id='word_1_214' title='bbox 105 2951 160 3012; x_wconf 68' lang='grc' dir='ltr'><em>τιον</em></span> <span class='ocrx_word' id='word_1_215' title='bbox 185 2950 288 3024; x_wconf 85' lang='grc' dir='ltr'><em>με’ντοι</em></span> <span class='ocrx_word' id='word_1_216' title='bbox 310 2953 484 3031; x_wconf 68' lang='grc' dir='ltr'><em>στρατηγῶν</em></span> <span class='ocrx_word' id='word_1_217' title='bbox 505 2976 582 3021; x_wconf 86' lang='grc' dir='ltr'><em>τινες</em></span> <span class='ocrx_word' id='word_1_218' title='bbox 600 2949 763 3015; x_wconf 67' lang='grc' dir='ltr'><em>ἐθελονταὶ</em></span> <span class='ocrx_word' id='word_1_219' title='bbox 780 2951 832 3016; x_wconf 78' lang='grc' dir='ltr'>καὶ</span> <span class='ocrx_word' id='word_1_220' title='bbox 849 2953 905 3014; x_wconf 70' lang='grc' dir='ltr'>ἆτ’</span> <span class='ocrx_word' id='word_1_221' title='bbox 922 2950 1036 3021; x_wconf 78' lang='grc' dir='ltr'><em>οὐδενὸς</em></span> <span class='ocrx_word' id='word_1_222' title='bbox 1051 2950 1256 3030; x_wconf 72' lang='grc' dir='ltr'><em>ψηφίσματος</em></span> <span class='ocrx_word' id='word_1_223' title='bbox 1272 2947 1383 3020; x_wconf 88' lang='grc' dir='ltr'><em>ε’κείνην</em></span> 
     </span>
     <span class='ocr_line' id='line_1_24' title="bbox 105 3055 1329 3138; baseline -0.001 -20"><span class='ocrx_word' id='word_1_224' title='bbox 105 3079 138 3118; x_wconf 90' lang='grc' dir='ltr'>τε</span> <span class='ocrx_word' id='word_1_225' title='bbox 161 3059 215 3129; x_wconf 80' lang='grc' dir='ltr'>την</span> <span class='ocrx_word' id='word_1_226' title='bbox 240 3056 353 3136; x_wconf 75' lang='grc' dir='ltr'><em>ἡμέραν</em></span> <span class='ocrx_word' id='word_1_227' title='bbox 377 3058 429 3120; x_wconf 77' lang='grc' dir='ltr'>καί</span> <span class='ocrx_word' id='word_1_228' title='bbox 453 3057 494 3120; x_wconf 77' lang='grc' dir='ltr'>τα</span> <span class='ocrx_word' id='word_1_229' title='bbox 519 3056 667 3133; x_wconf 64' lang='grc' dir='ltr'>γενέθλια</span> <span class='ocrx_word' id='word_1_230' title='bbox 692 3058 733 3121; x_wconf 75' lang='grc' dir='ltr'>τοι</span> <span class='ocrx_word' id='word_1_231' title='bbox 756 3065 811 3131; x_wconf 74' lang='grc' dir='ltr'>τῆς</span> <span class='ocrx_word' id='word_1_232' title='bbox 835 3057 1030 3130; x_wconf 82' lang='grc' dir='ltr'><em>Μεσσαλίνης</em></span> <span class='ocrx_word' id='word_1_233' title='bbox 1054 3055 1185 3138; x_wconf 79' lang='grc' dir='ltr'><em>δημοσία</em></span> <span class='ocrx_word' id='word_1_234' title='bbox 1209 3056 1329 3132; x_wconf 82' lang='grc' dir='ltr'><em>ἐτίμων.</em></span> 
     </span>
    </p>
   </div>
   <div class='ocr_carea' id='block_1_6' title="bbox 770 3250 1382 3487">
    <p class='ocr_par' dir='ltr' id='par_1_12' title="bbox 770 3250 1382 3487">
     <span class='ocr_line' id='line_1_25' title="bbox 770 3250 1380 3305; baseline -0.008 -1"><span class='ocrx_word' id='word_1_235' title='bbox 770 3257 802 3305; x_wconf 82' lang='lat' dir='ltr'>cf.</span> <span class='ocrx_word' id='word_1_236' title='bbox 829 3255 976 3304; x_wconf 80' lang='lat' dir='ltr'>Mommsen</span> <span class='ocrx_word' id='word_1_237' title='bbox 1003 3255 1063 3304; x_wconf 87' lang='lat' dir='ltr'>StR.</span> <span class='ocrx_word' id='word_1_238' title='bbox 1092 3254 1128 3303; x_wconf 83' lang='grc'>113</span> <span class='ocrx_word' id='word_1_239' title='bbox 1152 3252 1202 3303; x_wconf 78' lang='grc'><strong>1107</strong></span> <span class='ocrx_word' id='word_1_240' title='bbox 1222 3270 1251 3296; x_wconf 93' lang='lat'>=</span> <span class='ocrx_word' id='word_1_241' title='bbox 1271 3250 1306 3301; x_wconf 83' lang='lat'>11²</span> <span class='ocrx_word' id='word_1_242' title='bbox 1324 3250 1380 3301; x_wconf 80' lang='lat'>869.</span> 
     </span>
     <span class='ocr_line' id='line_1_26' title="bbox 804 3339 1382 3402; baseline -0.005 -13"><span class='ocrx_word' id='word_1_243' title='bbox 804 3341 931 3389; x_wconf 86' lang='lat' dir='ltr'>Rescissio</span> <span class='ocrx_word' id='word_1_244' title='bbox 963 3344 1083 3389; x_wconf 86' lang='lat' dir='ltr'>actorum</span> <span class='ocrx_word' id='word_1_245' title='bbox 1116 3339 1218 3402; x_wconf 86' lang='lat' dir='ltr'>proprie</span> <span class='ocrx_word' id='word_1_246' title='bbox 1251 3342 1291 3388; x_wconf 90' lang='lat' dir='ltr'>est</span> <span class='ocrx_word' id='word_1_247' title='bbox 1323 3351 1382 3401; x_wconf 86' lang='lat' dir='ltr'>pars</span> 
     </span>
     <span class='ocr_line' id='line_1_27' title="bbox 770 3424 1380 3487; baseline 0.002 -16"><span class='ocrx_word' id='word_1_248' title='bbox 770 3425 946 3473; x_wconf 79' lang='lat' dir='ltr'>damnationis</span> <span class='ocrx_word' id='word_1_249' title='bbox 967 3425 1123 3487; x_wconf 85' lang='lat' dir='ltr'>memoriae,</span> <span class='ocrx_word' id='word_1_250' title='bbox 1155 3424 1200 3472; x_wconf 88' lang='lat' dir='ltr'>sed</span> <span class='ocrx_word' id='word_1_251' title='bbox 1227 3429 1254 3472; x_wconf 89' lang='lat' dir='ltr'>et.</span> <span class='ocrx_word' id='word_1_252' title='bbox 1277 3424 1380 3486; x_wconf 82' lang='lat' dir='ltr'>saepius</span> 
     </span>
    </p>
   </div>
   <div class='ocr_carea' id='block_1_7' title="bbox 137 3254 715 3319">
    <p class='ocr_par' dir='ltr' id='par_1_13' title="bbox 137 3254 715 3319">
     <span class='ocr_line' id='line_1_28' title="bbox 137 3254 715 3319; baseline 0.003 -17"><span class='ocrx_word' id='word_1_253' title='bbox 137 3254 204 3312; x_wconf 85' lang='lat' dir='ltr'>Quid</span> <span class='ocrx_word' id='word_1_254' title='bbox 225 3255 343 3305; x_wconf 83' lang='lat' dir='ltr'>homines</span> <span class='ocrx_word' id='word_1_255' title='bbox 361 3257 450 3319; x_wconf 84' lang='lat' dir='ltr'>etipse</span> <span class='ocrx_word' id='word_1_256' title='bbox 463 3255 591 3305; x_wconf 84' lang='lat' dir='ltr'>Claudius</span> <span class='ocrx_word' id='word_1_257' title='bbox 607 3262 671 3318; x_wconf 83' lang='lat' dir='ltr'>tunc</span> <span class='ocrx_word' id='word_1_258' title='bbox 684 3257 715 3304; x_wconf 92' lang='lat' dir='ltr'>de</span> 
     </span>
    </p>
   </div>
   <div class='ocr_carea' id='block_1_8' title="bbox 104 3339 714 3489">
    <p class='ocr_par' dir='ltr' id='par_1_14' title="bbox 104 3339 714 3489">
     <span class='ocr_line' id='line_1_29' title="bbox 104 3339 714 3391; baseline 0.005 -4"><span class='ocrx_word' id='word_1_259' title='bbox 104 3339 217 3388; x_wconf 84' lang='lat' dir='ltr'>Antonio</span> <span class='ocrx_word' id='word_1_260' title='bbox 230 3339 404 3389; x_wconf 81' lang='lat' dir='ltr'>iudicauerint</span> <span class='ocrx_word' id='word_1_261' title='bbox 413 3345 528 3390; x_wconf 87' lang='lat' dir='ltr'>testatur</span> <span class='ocrx_word' id='word_1_262' title='bbox 536 3340 637 3391; x_wconf 86' lang='lat' dir='ltr'>Seneca</span> <span class='ocrx_word' id='word_1_263' title='bbox 645 3357 714 3390; x_wconf 86' lang='lat' dir='ltr'>cons.</span> 
     </span>
     <span class='ocr_line' id='line_1_30' title="bbox 104 3421 714 3489; baseline 0.005 -18"><span class='ocrx_word' id='word_1_264' title='bbox 104 3424 134 3471; x_wconf 87' lang='lat' dir='ltr'>ad</span> <span class='ocrx_word' id='word_1_265' title='bbox 143 3424 232 3487; x_wconf 88' lang='lat' dir='ltr'>Polyb.</span> <span class='ocrx_word' id='word_1_266' title='bbox 246 3421 309 3488; x_wconf 89' lang='grc'><strong>35,1</strong></span> <span class='ocrx_word' id='word_1_267' title='bbox 321 3422 428 3489; x_wconf 84' lang='lat' dir='ltr'>(scripta</span> <span class='ocrx_word' id='word_1_268' title='bbox 437 3440 459 3475; x_wconf 88' lang='lat' dir='ltr'>a.</span> <span class='ocrx_word' id='word_1_269' title='bbox 469 3424 544 3488; x_wconf 75' lang='grc'><strong>43111</strong></span> <span class='ocrx_word' id='word_1_270' title='bbox 554 3441 576 3488; x_wconf 93' lang='lat' dir='ltr'>p.</span> <span class='ocrx_word' id='word_1_271' title='bbox 587 3423 660 3486; x_wconf 83' lang='lat' dir='ltr'>Cirr.)</span> <span class='ocrx_word' id='word_1_272' title='bbox 672 3425 714 3474; x_wconf 92' lang='lat' dir='ltr'>ubi</span> 
     </span>
    </p>
   </div>
   <div class='ocr_carea' id='block_1_9' title="bbox 100 3505 715 4924">
    <p class='ocr_par' dir='ltr' id='par_1_15' title="bbox 104 3505 715 3728">
     <span class='ocr_line' id='line_1_31' title="bbox 104 3505 715 3572; baseline 0.002 -15"><span class='ocrx_word' id='word_1_273' title='bbox 104 3505 229 3558; x_wconf 83' lang='lat' dir='ltr'>Claudius</span> <span class='ocrx_word' id='word_1_274' title='bbox 237 3510 368 3572; x_wconf 88' lang='lat' dir='ltr'>loquitur:</span> <span class='ocrx_word' id='word_1_275' title='bbox 379 3509 557 3558; x_wconf 80' lang='lat' dir='ltr'>MAntonius</span> <span class='ocrx_word' id='word_1_276' title='bbox 566 3523 715 3558; x_wconf 71' lang='lat' dir='ltr'>autrepierre</span> 
     </span>
     <span class='ocr_line' id='line_1_32' title="bbox 104 3595 713 3657; baseline -0.002 -15"><span class='ocrx_word' id='word_1_277' title='bbox 104 3595 176 3642; x_wconf 81' lang='lat' dir='ltr'>nullo</span> <span class='ocrx_word' id='word_1_278' title='bbox 200 3595 293 3644; x_wconf 80' lang='lat' dir='ltr'>nalnor</span> <span class='ocrx_word' id='word_1_279' title='bbox 317 3595 372 3643; x_wconf 81' lang='lat' dir='ltr'>uici</span> <span class='ocrx_word' id='word_1_280' title='bbox 395 3609 438 3657; x_wconf 82' lang='lat' dir='ltr'>eo,</span> <span class='ocrx_word' id='word_1_281' title='bbox 462 3609 479 3642; x_wconf 89' lang='grc' dir='ltr'><em>α</em></span> <span class='ocrx_word' id='word_1_282' title='bbox 497 3609 549 3656; x_wconf 78' lang='lat' dir='ltr'>quo</span> <span class='ocrx_word' id='word_1_283' title='bbox 568 3595 650 3643; x_wconf 83' lang='lat' dir='ltr'>victos</span> <span class='ocrx_word' id='word_1_284' title='bbox 667 3600 713 3642; x_wconf 82' lang='lat' dir='ltr'>est.</span> 
     </span>
     <span class='ocr_line' id='line_1_33' title="bbox 135 3679 669 3728; baseline -0.002 -1"><span class='ocrx_word' id='word_1_285' title='bbox 135 3680 262 3728; x_wconf 79' lang='lat' dir='ltr'>natalem.</span> <span class='ocrx_word' id='word_1_286' title='bbox 281 3679 313 3728; x_wconf 89' lang='lat' dir='ltr'>de</span> <span class='ocrx_word' id='word_1_287' title='bbox 332 3680 380 3728; x_wconf 87' lang='lat' dir='ltr'>hoc</span> <span class='ocrx_word' id='word_1_288' title='bbox 398 3680 439 3728; x_wconf 91' lang='lat' dir='ltr'>die</span> <span class='ocrx_word' id='word_1_289' title='bbox 457 3679 524 3727; x_wconf 90' lang='lat' dir='ltr'>nihil</span> <span class='ocrx_word' id='word_1_290' title='bbox 541 3679 669 3727; x_wconf 82' lang='lat' dir='ltr'>novimus.</span> 
     </span>
    </p>

    <p class='ocr_par' dir='ltr' id='par_1_16' title="bbox 102 3764 714 4402">
     <span class='ocr_line' id='line_1_34' title="bbox 135 3764 714 3826; baseline 0.002 -16"><span class='ocrx_word' id='word_1_291' title='bbox 135 3775 323 3813; x_wconf 82' lang='grc' dir='ltr'><em>ανανιοοονοανιι</em></span> <span class='ocrx_word' id='word_1_292' title='bbox 346 3778 448 3812; x_wconf 80' lang='lat' dir='ltr'>arram.</span> <span class='ocrx_word' id='word_1_293' title='bbox 474 3764 544 3813; x_wconf 91' lang='lat' dir='ltr'>bunc</span> <span class='ocrx_word' id='word_1_294' title='bbox 563 3778 714 3826; x_wconf 86' lang='lat' dir='ltr'>anonymus</span> 
     </span>
     <span class='ocr_line' id='line_1_35' title="bbox 103 3844 714 3910; baseline 0.003 -16"><span class='ocrx_word' id='word_1_295' title='bbox 103 3844 358 3909; x_wconf 86' lang='lat' dir='ltr'>Magliabeccbianus</span> <span class='ocrx_word' id='word_1_296' title='bbox 376 3845 425 3895; x_wconf 82' lang='grc'><strong>155</strong></span> <span class='ocrx_word' id='word_1_297' title='bbox 444 3847 591 3910; x_wconf 88' lang='lat' dir='ltr'>descripsit,</span> <span class='ocrx_word' id='word_1_298' title='bbox 614 3848 714 3896; x_wconf 89' lang='lat' dir='ltr'>addens</span> 
     </span>
     <span class='ocr_line' id='line_1_36' title="bbox 103 3930 713 3994; baseline 0.005 -16"><span class='ocrx_word' id='word_1_299' title='bbox 103 3945 149 3978; x_wconf 85' lang='lat' dir='ltr'>suo</span> <span class='ocrx_word' id='word_1_300' title='bbox 158 3936 277 3994; x_wconf 88' lang='lat' dir='ltr'>tempore</span> <span class='ocrx_word' id='word_1_301' title='bbox 290 3930 324 3993; x_wconf 90' lang='lat' dir='ltr'>(a.</span> <span class='ocrx_word' id='word_1_302' title='bbox 332 3930 509 3993; x_wconf 81' lang='grc'><strong>1110-1415)</strong></span> <span class='ocrx_word' id='word_1_303' title='bbox 521 3947 584 3980; x_wconf 90' lang='lat' dir='ltr'>eum</span> <span class='ocrx_word' id='word_1_304' title='bbox 597 3932 713 3994; x_wconf 86' lang='lat' dir='ltr'>amplius</span> 
     </span>
     <span class='ocr_line' id='line_1_37' title="bbox 103 4015 712 4079; baseline 0.002 -17"><span class='ocrx_word' id='word_1_305' title='bbox 103 4029 154 4063; x_wconf 91' lang='lat' dir='ltr'>non</span> <span class='ocrx_word' id='word_1_306' title='bbox 172 4019 284 4065; x_wconf 83' lang='lat' dir='ltr'>exstare.</span> <span class='ocrx_word' id='word_1_307' title='bbox 302 4015 395 4079; x_wconf 85' lang='lat' dir='ltr'>Neque</span> <span class='ocrx_word' id='word_1_308' title='bbox 412 4015 519 4079; x_wconf 86' lang='lat' dir='ltr'>quando</span> <span class='ocrx_word' id='word_1_309' title='bbox 532 4030 618 4079; x_wconf 86' lang='lat' dir='ltr'>neque</span> <span class='ocrx_word' id='word_1_310' title='bbox 631 4030 712 4078; x_wconf 89' lang='lat' dir='ltr'>qnam</span> 
     </span>
     <span class='ocr_line' id='line_1_38' title="bbox 102 4098 712 4163; baseline 0.002 -16"><span class='ocrx_word' id='word_1_311' title='bbox 102 4098 133 4147; x_wconf 91' lang='lat' dir='ltr'>cb</span> <span class='ocrx_word' id='word_1_312' title='bbox 155 4114 263 4149; x_wconf 88' lang='lat' dir='ltr'>causam</span> <span class='ocrx_word' id='word_1_313' title='bbox 281 4100 324 4149; x_wconf 89' lang='lat' dir='ltr'>bic</span> <span class='ocrx_word' id='word_1_314' title='bbox 340 4115 416 4149; x_wconf 89' lang='lat' dir='ltr'>arcus</span> <span class='ocrx_word' id='word_1_315' title='bbox 434 4101 554 4149; x_wconf 88' lang='lat' dir='ltr'>decretus</span> <span class='ocrx_word' id='word_1_316' title='bbox 571 4101 619 4163; x_wconf 86' lang='lat' dir='ltr'>sit,</span> <span class='ocrx_word' id='word_1_317' title='bbox 639 4101 712 4149; x_wconf 82' lang='lat' dir='ltr'>novi-</span> 
     </span>
     <span class='ocr_line' id='line_1_39' title="bbox 103 4185 712 4248; baseline 0.005 -17"><span class='ocrx_word' id='word_1_318' title='bbox 103 4198 175 4246; x_wconf 78' lang='lat' dir='ltr'>mus,</span> <span class='ocrx_word' id='word_1_319' title='bbox 204 4197 265 4233; x_wconf 87' lang='lat' dir='ltr'>nam</span> <span class='ocrx_word' id='word_1_320' title='bbox 291 4185 408 4234; x_wconf 84' lang='lat' dir='ltr'>diversus</span> <span class='ocrx_word' id='word_1_321' title='bbox 432 4193 473 4235; x_wconf 87' lang='lat' dir='ltr'>est</span> <span class='ocrx_word' id='word_1_322' title='bbox 496 4185 529 4234; x_wconf 90' lang='lat' dir='ltr'>ab</span> <span class='ocrx_word' id='word_1_323' title='bbox 555 4200 599 4247; x_wconf 94' lang='lat' dir='ltr'>eo,</span> <span class='ocrx_word' id='word_1_324' title='bbox 631 4200 712 4248; x_wconf 85' lang='lat' dir='ltr'>quem</span> 
     </span>
     <span class='ocr_line' id='line_1_40' title="bbox 102 4267 712 4333; baseline 0.005 -18"><span class='ocrx_word' id='word_1_325' title='bbox 102 4271 230 4316; x_wconf 87' lang='lat' dir='ltr'>memorat</span> <span class='ocrx_word' id='word_1_326' title='bbox 247 4267 305 4316; x_wconf 84' lang='lat' dir='ltr'>Tac.</span> <span class='ocrx_word' id='word_1_327' title='bbox 325 4269 391 4317; x_wconf 84' lang='lat' dir='ltr'>Ann.</span> <span class='ocrx_word' id='word_1_328' title='bbox 406 4268 483 4323; x_wconf 83' lang='grc'><strong>1111,</strong></span> <span class='ocrx_word' id='word_1_329' title='bbox 502 4271 598 4332; x_wconf 84' lang='lat' dir='ltr'>quippe</span> <span class='ocrx_word' id='word_1_330' title='bbox 609 4277 712 4333; x_wconf 86' lang='lat' dir='ltr'>propter</span> 
     </span>
     <span class='ocr_line' id='line_1_41' title="bbox 102 4350 476 4402; baseline 0.011 -4"><span class='ocrx_word' id='word_1_331' title='bbox 102 4351 192 4400; x_wconf 88' lang='lat' dir='ltr'>aedem</span> <span class='ocrx_word' id='word_1_332' title='bbox 210 4350 318 4400; x_wconf 86' lang='lat' dir='ltr'>Saturni</span> <span class='ocrx_word' id='word_1_333' title='bbox 336 4358 476 4402; x_wconf 82' lang='lat' dir='ltr'>exstructo.</span> 
     </span>
    </p>

    <p class='ocr_par' dir='ltr' id='par_1_17' title="bbox 100 4438 712 4924">
     <span class='ocr_line' id='line_1_42' title="bbox 133 4438 712 4501; baseline 0.005 -17"><span class='ocrx_word' id='word_1_334' title='bbox 133 4442 193 4485; x_wconf 85' lang='lat' dir='ltr'>acto</span> <span class='ocrx_word' id='word_1_335' title='bbox 205 4438 298 4485; x_wconf 80' lang='lat' dir='ltr'>cornio</span> <span class='ocrx_word' id='word_1_336' title='bbox 311 4439 428 4487; x_wconf 81' lang='lat' dir='ltr'>rescidit.</span> <span class='ocrx_word' id='word_1_337' title='bbox 445 4444 504 4487; x_wconf 86' lang='lat' dir='ltr'>acta</span> <span class='ocrx_word' id='word_1_338' title='bbox 517 4439 639 4501; x_wconf 90' lang='lat' dir='ltr'>principis</span> <span class='ocrx_word' id='word_1_339' title='bbox 648 4445 712 4487; x_wconf 79' lang='lat' dir='ltr'>sunt</span> 
     </span>
     <span class='ocr_line' id='line_1_43' title="bbox 101 4522 710 4587; baseline 0.005 -18"><span class='ocrx_word' id='word_1_340' title='bbox 101 4522 316 4585; x_wconf 88' lang='lat' dir='ltr'>constitutiones,</span> <span class='ocrx_word' id='word_1_341' title='bbox 340 4538 406 4586; x_wconf 87' lang='lat' dir='ltr'>quas</span> <span class='ocrx_word' id='word_1_342' title='bbox 431 4524 549 4586; x_wconf 82' lang='lat' dir='ltr'>princeps</span> <span class='ocrx_word' id='word_1_343' title='bbox 574 4529 604 4571; x_wconf 88' lang='lat' dir='ltr'>nt</span> <span class='ocrx_word' id='word_1_344' title='bbox 627 4524 710 4587; x_wconf 81' lang='lat' dir='ltr'>magi-</span> 
     </span>
     <span class='ocr_line' id='line_1_44' title="bbox 101 4605 709 4670; baseline 0.007 -18"><span class='ocrx_word' id='word_1_345' title='bbox 101 4610 199 4654; x_wconf 84' lang='lat' dir='ltr'>stratus</span> <span class='ocrx_word' id='word_1_346' title='bbox 223 4605 308 4668; x_wconf 88' lang='lat' dir='ltr'>dedit,</span> <span class='ocrx_word' id='word_1_347' title='bbox 332 4608 486 4668; x_wconf 85' lang='lat' dir='ltr'>praesertim</span> <span class='ocrx_word' id='word_1_348' title='bbox 511 4623 570 4665; x_wconf 86' lang='lat' dir='ltr'>eae,</span> <span class='ocrx_word' id='word_1_349' title='bbox 595 4622 709 4670; x_wconf 89' lang='lat' dir='ltr'>quarum</span> 
     </span>
     <span class='ocr_line' id='line_1_45' title="bbox 101 4687 709 4755; baseline 0.01 -19"><span class='ocrx_word' id='word_1_350' title='bbox 101 4687 117 4735; x_wconf 94' lang='lat' dir='ltr'>ii</span> <span class='ocrx_word' id='word_1_351' title='bbox 132 4689 188 4751; x_wconf 91' lang='lat' dir='ltr'>soli,</span> <span class='ocrx_word' id='word_1_352' title='bbox 205 4689 237 4738; x_wconf 89' lang='lat' dir='ltr'>ad</span> <span class='ocrx_word' id='word_1_353' title='bbox 250 4705 317 4752; x_wconf 89' lang='lat' dir='ltr'>quos</span> <span class='ocrx_word' id='word_1_354' title='bbox 328 4691 508 4755; x_wconf 85' lang='lat' dir='ltr'>pertinebant,</span> <span class='ocrx_word' id='word_1_355' title='bbox 526 4693 650 4742; x_wconf 87' lang='lat' dir='ltr'>certiores</span> <span class='ocrx_word' id='word_1_356' title='bbox 664 4692 709 4741; x_wconf 84' lang='lat' dir='ltr'>fie-</span> 
     </span>
     <span class='ocr_line' id='line_1_46' title="bbox 102 4772 709 4840; baseline 0.005 -18"><span class='ocrx_word' id='word_1_357' title='bbox 102 4772 165 4822; x_wconf 89' lang='lat' dir='ltr'>bant</span> <span class='ocrx_word' id='word_1_358' title='bbox 180 4772 311 4837; x_wconf 85' lang='lat' dir='ltr'>(decreta,</span> <span class='ocrx_word' id='word_1_359' title='bbox 335 4776 487 4840; x_wconf 82' lang='lat' dir='ltr'>epistulae),</span> <span class='ocrx_word' id='word_1_360' title='bbox 507 4792 629 4840; x_wconf 88' lang='lat' dir='ltr'>quaeque</span> <span class='ocrx_word' id='word_1_361' title='bbox 648 4793 709 4827; x_wconf 90' lang='lat' dir='ltr'>con-</span> 
     </span>
     <span class='ocr_line' id='line_1_47' title="bbox 100 4857 710 4924; baseline 0.008 -19"><span class='ocrx_word' id='word_1_362' title='bbox 100 4857 282 4907; x_wconf 86' lang='lat' dir='ltr'>scribebantur</span> <span class='ocrx_word' id='word_1_363' title='bbox 304 4858 332 4907; x_wconf 92' lang='lat' dir='ltr'>in</span> <span class='ocrx_word' id='word_1_364' title='bbox 354 4861 551 4909; x_wconf 87' lang='lat' dir='ltr'>commentariis</span> <span class='ocrx_word' id='word_1_365' title='bbox 574 4860 710 4924; x_wconf 89' lang='lat' dir='ltr'>principis,</span> 
     </span>
    </p>
   </div>
   <div class='ocr_carea' id='block_1_10' title="bbox 764 3507 1381 4926">
    <p class='ocr_par' dir='ltr' id='par_1_18' title="bbox 764 3507 1381 4926">
     <span class='ocr_line' id='line_1_48' title="bbox 769 3507 1381 3572; baseline -0.003 -16"><span class='ocrx_word' id='word_1_366' title='bbox 769 3511 824 3557; x_wconf 89' lang='lat' dir='ltr'>sola</span> <span class='ocrx_word' id='word_1_367' title='bbox 848 3514 906 3558; x_wconf 88' lang='lat' dir='ltr'>acta</span> <span class='ocrx_word' id='word_1_368' title='bbox 930 3510 1038 3558; x_wconf 87' lang='lat' dir='ltr'>rescissa</span> <span class='ocrx_word' id='word_1_369' title='bbox 1057 3514 1132 3572; x_wconf 77' lang='lat' dir='ltr'>sunt,</span> <span class='ocrx_word' id='word_1_370' title='bbox 1162 3514 1191 3558; x_wconf 94' lang='lat' dir='ltr'>ut</span> <span class='ocrx_word' id='word_1_371' title='bbox 1209 3507 1335 3558; x_wconf 84' lang='lat' dir='ltr'>Claudius</span> <span class='ocrx_word' id='word_1_372' title='bbox 1354 3508 1381 3555; x_wconf 92' lang='lat' dir='ltr'>in</span> 
     </span>
     <span class='ocr_line' id='line_1_49' title="bbox 769 3591 1380 3657; baseline -0.002 -16"><span class='ocrx_word' id='word_1_373' title='bbox 769 3591 833 3641; x_wconf 90' lang='lat' dir='ltr'>Gaio</span> <span class='ocrx_word' id='word_1_374' title='bbox 863 3594 940 3655; x_wconf 81' lang='lat' dir='ltr'>fecit,</span> <span class='ocrx_word' id='word_1_375' title='bbox 973 3593 1148 3657; x_wconf 83' lang='lat' dir='ltr'>Vespasianus</span> <span class='ocrx_word' id='word_1_376' title='bbox 1179 3594 1207 3642; x_wconf 94' lang='lat' dir='ltr'>in</span> <span class='ocrx_word' id='word_1_377' title='bbox 1240 3591 1323 3641; x_wconf 90' lang='lat' dir='ltr'>Galba</span> <span class='ocrx_word' id='word_1_378' title='bbox 1353 3597 1380 3640; x_wconf 92' lang='lat' dir='ltr'>et</span> 
     </span>
     <span class='ocr_line' id='line_1_50' title="bbox 769 3675 1378 3740; baseline -0.003 -14"><span class='ocrx_word' id='word_1_379' title='bbox 769 3677 872 3726; x_wconf 89' lang='lat' dir='ltr'>Othone</span> <span class='ocrx_word' id='word_1_380' title='bbox 895 3675 938 3740; x_wconf 83' lang='lat' dir='ltr'>(cf.</span> <span class='ocrx_word' id='word_1_381' title='bbox 963 3678 1109 3727; x_wconf 90' lang='lat' dir='ltr'>Mommsen</span> <span class='ocrx_word' id='word_1_382' title='bbox 1132 3676 1193 3726; x_wconf 81' lang='lat' dir='ltr'>sta.</span> <span class='ocrx_word' id='word_1_383' title='bbox 1213 3675 1378 3726; x_wconf 70' lang='grc'><strong>11311101.</strong></span> 
     </span>
     <span class='ocr_line' id='line_1_51' title="bbox 768 3760 1377 3823; baseline -0.003 -13"><span class='ocrx_word' id='word_1_384' title='bbox 768 3762 779 3810; x_wconf 98' lang='grc'><strong>1</strong></span> <span class='ocrx_word' id='word_1_385' title='bbox 803 3778 832 3805; x_wconf 92' lang='lat'><strong><em>=</em></strong></span> <span class='ocrx_word' id='word_1_386' title='bbox 851 3760 989 3823; x_wconf 64' lang='grc'><strong>1111074).</strong></span> <span class='ocrx_word' id='word_1_387' title='bbox 1014 3763 1175 3812; x_wconf 88' lang='lat' dir='ltr'>Rescissione</span> <span class='ocrx_word' id='word_1_388' title='bbox 1193 3766 1313 3810; x_wconf 85' lang='lat' dir='ltr'>actorum</span> <span class='ocrx_word' id='word_1_389' title='bbox 1332 3761 1377 3808; x_wconf 89' lang='lat' dir='ltr'>de·</span> 
     </span>
     <span class='ocr_line' id='line_1_52' title="bbox 768 3845 1378 3909; baseline -0.003 -14"><span class='ocrx_word' id='word_1_390' title='bbox 768 3852 850 3909; x_wconf 88' lang='lat' dir='ltr'>creta,</span> <span class='ocrx_word' id='word_1_391' title='bbox 882 3849 1025 3897; x_wconf 87' lang='lat' dir='ltr'>auctoritas</span> <span class='ocrx_word' id='word_1_392' title='bbox 1054 3847 1174 3896; x_wconf 88' lang='lat' dir='ltr'>omniurn</span> <span class='ocrx_word' id='word_1_393' title='bbox 1205 3849 1324 3895; x_wconf 87' lang='lat' dir='ltr'>actorum</span> <span class='ocrx_word' id='word_1_394' title='bbox 1351 3845 1378 3893; x_wconf 91' lang='lat' dir='ltr'>in</span> 
     </span>
     <span class='ocr_line' id='line_1_53' title="bbox 767 3931 1377 3994; baseline -0.002 -15"><span class='ocrx_word' id='word_1_395' title='bbox 767 3945 893 3992; x_wconf 85' lang='lat' dir='ltr'>suspenso</span> <span class='ocrx_word' id='word_1_396' title='bbox 917 3936 970 3992; x_wconf 87' lang='lat' dir='ltr'>est,</span> <span class='ocrx_word' id='word_1_397' title='bbox 995 3936 1022 3979; x_wconf 87' lang='lat' dir='ltr'>et</span> <span class='ocrx_word' id='word_1_398' title='bbox 1045 3933 1071 3979; x_wconf 91' lang='lat' dir='ltr'>in</span> <span class='ocrx_word' id='word_1_399' title='bbox 1089 3931 1195 3994; x_wconf 83' lang='lat' dir='ltr'>singula</span> <span class='ocrx_word' id='word_1_400' title='bbox 1213 3935 1271 3979; x_wconf 86' lang='lat' dir='ltr'>actu</span> <span class='ocrx_word' id='word_1_401' title='bbox 1288 3931 1377 3993; x_wconf 89' lang='lat' dir='ltr'>inqui-</span> 
     </span>
     <span class='ocr_line' id='line_1_54' title="bbox 767 4015 1378 4078; baseline 0 -15"><span class='ocrx_word' id='word_1_402' title='bbox 767 4016 835 4064; x_wconf 88' lang='lat' dir='ltr'>ritur</span> <span class='ocrx_word' id='word_1_403' title='bbox 858 4030 939 4078; x_wconf 84' lang='lat' dir='ltr'>quam</span> <span class='ocrx_word' id='word_1_404' title='bbox 964 4016 996 4064; x_wconf 95' lang='lat' dir='ltr'>ob</span> <span class='ocrx_word' id='word_1_405' title='bbox 1020 4030 1128 4065; x_wconf 87' lang='lat' dir='ltr'>cansam</span> <span class='ocrx_word' id='word_1_406' title='bbox 1152 4015 1294 4077; x_wconf 84' lang='lat' dir='ltr'>perscripta</span> <span class='ocrx_word' id='word_1_407' title='bbox 1311 4016 1378 4077; x_wconf 88' lang='lat' dir='ltr'>sint;</span> 
     </span>
     <span class='ocr_line' id='line_1_55' title="bbox 767 4100 1379 4162; baseline 0 -14"><span class='ocrx_word' id='word_1_408' title='bbox 767 4101 912 4149; x_wconf 84' lang='lat' dir='ltr'>secundum</span> <span class='ocrx_word' id='word_1_409' title='bbox 929 4107 1055 4149; x_wconf 88' lang='lat' dir='ltr'>eventum</span> <span class='ocrx_word' id='word_1_410' title='bbox 1070 4101 1150 4148; x_wconf 87' lang='lat' dir='ltr'>huius</span> <span class='ocrx_word' id='word_1_411' title='bbox 1163 4100 1319 4162; x_wconf 82' lang='lat' dir='ltr'>cognitionis</span> <span class='ocrx_word' id='word_1_412' title='bbox 1332 4107 1379 4148; x_wconf 87' lang='lat' dir='ltr'>ant</span> 
     </span>
     <span class='ocr_line' id='line_1_56' title="bbox 767 4185 1377 4248; baseline 0.002 -15"><span class='ocrx_word' id='word_1_413' title='bbox 767 4185 954 4234; x_wconf 86' lang='lat' dir='ltr'>rescinduntur</span> <span class='ocrx_word' id='word_1_414' title='bbox 972 4189 1018 4233; x_wconf 89' lang='lat' dir='ltr'>aut</span> <span class='ocrx_word' id='word_1_415' title='bbox 1037 4190 1094 4233; x_wconf 89' lang='lat' dir='ltr'>rata</span> <span class='ocrx_word' id='word_1_416' title='bbox 1112 4191 1227 4235; x_wconf 87' lang='lat' dir='ltr'>manent.</span> <span class='ocrx_word' id='word_1_417' title='bbox 1254 4187 1294 4234; x_wconf 87' lang='lat' dir='ltr'>lta</span> <span class='ocrx_word' id='word_1_418' title='bbox 1311 4201 1377 4248; x_wconf 93' lang='lat' dir='ltr'>qno-</span> 
     </span>
     <span class='ocr_line' id='line_1_57' title="bbox 767 4268 1378 4333; baseline 0.002 -16"><span class='ocrx_word' id='word_1_419' title='bbox 767 4284 819 4332; x_wconf 86' lang='lat' dir='ltr'>que</span> <span class='ocrx_word' id='word_1_420' title='bbox 837 4268 976 4318; x_wconf 82' lang='lat' dir='ltr'>Glandinm</span> <span class='ocrx_word' id='word_1_421' title='bbox 995 4270 1078 4333; x_wconf 82' lang='lat' dir='ltr'>egisse</span> <span class='ocrx_word' id='word_1_422' title='bbox 1096 4270 1171 4319; x_wconf 90' lang='lat' dir='ltr'>docet</span> <span class='ocrx_word' id='word_1_423' title='bbox 1189 4269 1288 4332; x_wconf 76' lang='lat' dir='ltr'>niodo,</span> <span class='ocrx_word' id='word_1_424' title='bbox 1307 4269 1330 4332; x_wconf 75' lang='lat' dir='ltr'>l,</span> <span class='ocrx_word' id='word_1_425' title='bbox 1348 4269 1378 4318; x_wconf 88' lang='lat' dir='ltr'>l:</span> 
     </span>
     <span class='ocr_line' id='line_1_58' title="bbox 766 4349 1376 4417; baseline 0.002 -17"><span class='ocrx_word' id='word_1_426' title='bbox 766 4349 985 4401; x_wconf 76' lang='grc' dir='ltr'><em>τᾶλλα-κατέλυσε</em></span> <span class='ocrx_word' id='word_1_427' title='bbox 1008 4349 1065 4417; x_wconf 82' lang='grc' dir='ltr'>μέν,</span> <span class='ocrx_word' id='word_1_428' title='bbox 1089 4350 1140 4402; x_wconf 86' lang='grc' dir='ltr'>οὐκ</span> <span class='ocrx_word' id='word_1_429' title='bbox 1159 4350 1248 4417; x_wconf 74' lang='grc' dir='ltr'><em>ἀθρόα</em></span> <span class='ocrx_word' id='word_1_430' title='bbox 1266 4350 1303 4412; x_wconf 82' lang='grc' dir='ltr'>δέ,</span> <span class='ocrx_word' id='word_1_431' title='bbox 1322 4349 1376 4402; x_wconf 74' lang='grc' dir='ltr'>ἀλλ’</span> 
     </span>
     <span class='ocr_line' id='line_1_59' title="bbox 766 4433 1374 4503; baseline 0.005 -19"><span class='ocrx_word' id='word_1_432' title='bbox 766 4433 803 4490; x_wconf 86' lang='grc' dir='ltr'>ὡς</span> <span class='ocrx_word' id='word_1_433' title='bbox 821 4433 925 4500; x_wconf 80' lang='grc' dir='ltr'><em>ἑκάστῳ</em></span> <span class='ocrx_word' id='word_1_434' title='bbox 941 4454 979 4501; x_wconf 76' lang='lat' dir='ltr'>ap</span> <span class='ocrx_word' id='word_1_435' title='bbox 997 4434 1154 4503; x_wconf 83' lang='grc' dir='ltr'><em>προσέτυχε;</em></span> <span class='ocrx_word' id='word_1_436' title='bbox 1174 4454 1236 4488; x_wconf 89' lang='lat' dir='ltr'>nam</span> <span class='ocrx_word' id='word_1_437' title='bbox 1257 4444 1286 4487; x_wconf 91' lang='lat' dir='ltr'>nt</span> <span class='ocrx_word' id='word_1_438' title='bbox 1304 4444 1374 4488; x_wconf 89' lang='lat' dir='ltr'>recte</span> 
     </span>
     <span class='ocr_line' id='line_1_60' title="bbox 765 4521 1374 4572; baseline 0.002 -1"><span class='ocrx_word' id='word_1_439' title='bbox 765 4523 885 4571; x_wconf 87' lang='lat' dir='ltr'>observat</span> <span class='ocrx_word' id='word_1_440' title='bbox 904 4522 1050 4572; x_wconf 86' lang='lat' dir='ltr'>Mommsen</span> <span class='ocrx_word' id='word_1_441' title='bbox 1068 4526 1083 4572; x_wconf 95' lang='lat' dir='ltr'>l.</span> <span class='ocrx_word' id='word_1_442' title='bbox 1100 4526 1116 4572; x_wconf 93' lang='lat' dir='ltr'>l.</span> <span class='ocrx_word' id='word_1_443' title='bbox 1135 4522 1170 4572; x_wconf 83' lang='grc'>113</span> <span class='ocrx_word' id='word_1_444' title='bbox 1186 4521 1253 4572; x_wconf 87' lang='grc'><strong>1130</strong></span> <span class='ocrx_word' id='word_1_445' title='bbox 1271 4524 1292 4572; x_wconf 90' lang='grc' dir='ltr'><strong>Α</strong></span> <span class='ocrx_word' id='word_1_446' title='bbox 1310 4523 1326 4571; x_wconf 83' lang='grc'>5</span> <span class='ocrx_word' id='word_1_447' title='bbox 1345 4538 1374 4564; x_wconf 91' lang='lat'><strong><em>=</em></strong></span> 
     </span>
     <span class='ocr_line' id='line_1_61' title="bbox 766 4604 1376 4669; baseline -0.003 -13"><span class='ocrx_word' id='word_1_448' title='bbox 766 4604 801 4656; x_wconf 87' lang='lat'>11²</span> <span class='ocrx_word' id='word_1_449' title='bbox 827 4605 905 4669; x_wconf 81' lang='lat'>1075,</span> <span class='ocrx_word' id='word_1_450' title='bbox 928 4606 1071 4656; x_wconf 82' lang='lat' dir='ltr'>Suetonius</span> <span class='ocrx_word' id='word_1_451' title='bbox 1094 4608 1169 4656; x_wconf 77' lang='lat' dir='ltr'>Dioni</span> <span class='ocrx_word' id='word_1_452' title='bbox 1194 4623 1245 4655; x_wconf 92' lang='lat' dir='ltr'>non</span> <span class='ocrx_word' id='word_1_453' title='bbox 1272 4612 1376 4656; x_wconf 89' lang='lat' dir='ltr'>contra-</span> 
     </span>
     <span class='ocr_line' id='line_1_62' title="bbox 764 4689 1374 4754; baseline -0.002 -15"><span class='ocrx_word' id='word_1_454' title='bbox 764 4692 838 4740; x_wconf 88' lang='lat' dir='ltr'>dicit:</span> <span class='ocrx_word' id='word_1_455' title='bbox 857 4692 939 4740; x_wconf 86' lang='lat' dir='ltr'>tradit</span> <span class='ocrx_word' id='word_1_456' title='bbox 960 4693 1013 4754; x_wconf 86' lang='lat' dir='ltr'>lric,</span> <span class='ocrx_word' id='word_1_457' title='bbox 1038 4693 1168 4754; x_wconf 79' lang='lat' dir='ltr'>quomodo</span> <span class='ocrx_word' id='word_1_458' title='bbox 1187 4707 1278 4740; x_wconf 88' lang='lat' dir='ltr'>revera</span> <span class='ocrx_word' id='word_1_459' title='bbox 1295 4689 1374 4739; x_wconf 84' lang='lat' dir='ltr'>Glau-</span> 
     </span>
     <span class='ocr_line' id='line_1_63' title="bbox 765 4775 1378 4839; baseline -0.002 -15"><span class='ocrx_word' id='word_1_460' title='bbox 765 4777 824 4824; x_wconf 88' lang='lat' dir='ltr'>dins</span> <span class='ocrx_word' id='word_1_461' title='bbox 847 4776 944 4839; x_wconf 82' lang='lat' dir='ltr'>egerit,</span> <span class='ocrx_word' id='word_1_462' title='bbox 967 4777 1011 4826; x_wconf 92' lang='lat' dir='ltr'>ille</span> <span class='ocrx_word' id='word_1_463' title='bbox 1029 4776 1154 4839; x_wconf 78' lang='lat' dir='ltr'>loquitur,</span> <span class='ocrx_word' id='word_1_464' title='bbox 1175 4782 1204 4824; x_wconf 91' lang='lat' dir='ltr'>nt</span> <span class='ocrx_word' id='word_1_465' title='bbox 1220 4777 1256 4824; x_wconf 86' lang='lat' dir='ltr'>ita</span> <span class='ocrx_word' id='word_1_466' title='bbox 1276 4775 1378 4834; x_wconf 86' lang='lat' dir='ltr'>dicam,</span> 
     </span>
     <span class='ocr_line' id='line_1_64' title="bbox 764 4861 1270 4926; baseline 0 -17"><span class='ocrx_word' id='word_1_467' title='bbox 764 4862 913 4914; x_wconf 85' lang='lat' dir='ltr'>sccurnlnm</span> <span class='ocrx_word' id='word_1_468' title='bbox 930 4863 1059 4926; x_wconf 77' lang='lat' dir='ltr'>rationem</span> <span class='ocrx_word' id='word_1_469' title='bbox 1077 4861 1225 4926; x_wconf 74' lang='lat' dir='ltr'>formalem,</span> <span class='ocrx_word' id='word_1_470' title='bbox 1266 4889 1270 4896; x_wconf 90' lang='lat'><strong>·</strong></span> 
     </span>
    </p>
   </div>
   <div class='ocr_carea' id='block_1_11' title="bbox 0 0 1666 5512">
    <p class='ocr_par' dir='ltr' id='par_1_19' title="bbox 0 0 1666 5512">
     <span class='ocr_line' id='line_1_65' title="bbox 0 0 1666 5512; baseline 0 3"><span class='ocrx_word' id='word_1_471' title='bbox 0 0 1666 5512; x_wconf 95' lang='lat' dir='ltr'> </span> 
     </span>
    </p>
   </div>
  </div>
 </body>
</html>
