3322 5512
785 333 819 388 11

162 518 371 613 quandoque
417 526 548 613 posset,
599 516 847 590 restituturum.
898 517 1003 593 Unde
1050 517 1209 590 existimo
1255 516 1440 589 nonnullos

162 642 300 716 tradere
346 665 468 734 ausos,
516 651 716 738 suspectum
763 665 842 714 eum
890 640 1052 736 Augusto
1090 650 1359 735 reuocatumque
1397 664 1441 713 ex

162 766 339 862 provincia
386 777 421 842 et
466 767 548 862 quia
594 776 830 858 cunctaretur,
877 767 1105 862 interceptum
1148 789 1291 839 veneno.
1338 764 1441 854 Quod

162 891 322 986 equidem
356 893 469 987 magis
503 917 547 965 ne
573 890 881 988 praetermitterem
907 890 1042 982 rettuli,
1081 913 1187 985 quam
1213 889 1294 984 quia
1319 912 1441 962 verum

161 1025 222 1090 aut
266 1016 454 1090 verisimile
502 1027 638 1113 putem,
686 1040 763 1089 cum
810 1016 993 1111 Augustus
1032 1024 1211 1110 tantopere
1249 1024 1283 1088 et
1321 1014 1440 1086 vivum

161 1140 340 1233 dilexerit,
366 1150 401 1214 et
427 1141 632 1215 coheredem
660 1164 797 1236 semper
823 1139 904 1212 tiliis
930 1139 1133 1231 instituerit,
1160 1139 1249 1213 sicut
1265 1139 1441 1235 quondam

161 1265 195 1338 in
221 1275 345 1339 senatu
371 1269 549 1363 professus
570 1275 641 1358 est,
672 1275 707 1339 et
732 1266 931 1339 defunctum
968 1264 1016 1336 ita
1050 1288 1112 1360 pro
1138 1263 1295 1337 contione
1320 1263 1442 1336 lauda-

162 1391 266 1483 verit,
302 1399 339 1464 ut
363 1391 448 1465 deos
473 1400 636 1487 precatus
662 1390 723 1482 sit,
751 1389 882 1463 similes
908 1389 941 1462 ei
966 1388 1139 1463 Caesares
1165 1412 1248 1462 suos
1269 1391 1442 1480 iacerent,

161 1515 295 1610 sibique
308 1524 378 1588 tam
393 1515 576 1589 honestum
585 1514 795 1611 quandoque
806 1515 937 1588 exitum
947 1515 1071 1588 darent
1079 1538 1184 1610 quam
1194 1514 1244 1587 illi
1254 1514 1440 1587 dedissent.

204 1747 264 1805 Tae.
287 1748 366 1805 Area.
389 1747 434 1820 ΙΙ,
458 1748 509 1805 82.
541 1765 639 1824 neque
660 1748 696 1806 ob
711 1746 793 1805 aliud
811 1747 955 1823 (Drusum
970 1752 1001 1806 et
1015 1745 1237 1822 Germanicum)
1251 1745 1440 1822 interceptos

202 1854 309 1913 Seneca
334 1854 419 1914 Cous.
442 1855 481 1912 ad
500 1854 590 1913 Marc.
615 1857 650 1928 2,
673 1856 702 1913 3.
745 1853 867 1913 Octavia
888 1858 918 1912 et
932 1853 1017 1912 Livia
1032 1853 1196 1912 amiserunt
1210 1852 1287 1911 lilios
1301 1852 1441 1925 iuvenca,

158 1965 285 2038 utraque
306 1978 359 2037 spe
380 1960 474 2019 futuri
495 1960 640 2037 principis
661 1965 752 2020 certa.

199 2067 259 2126 Dio
282 2070 339 2142 55,
363 2070 398 2141 2,
422 2070 451 2126 2.
493 2067 618 2138 διπλοῦς
635 2070 648 2130 e‘
665 2066 830 2148 &aretoas
847 2064 969 2146 ἐλέχθη
984 2090 991 2104 ·
1006 2063 1023 2130 δ’
1035 2092 1069 2131 τε
1082 2065 1142 2146 γὰρ
1153 2065 1290 2145 Τιβέριος
1302 2064 1440 2129 &aeaeae

160 2175 211 2258 (ἐν
233 2183 270 2250 τῇ
295 2175 415 2260 ἀγορᾷ)
436 2174 527 2238 αὐτὸν
548 2175 674 2254 ἐπῄνεσε
694 2173 746 2236 aad
760 2174 772 2236 ὁ
787 2173 964 2249 Αὔγουστος
980 2174 1010 2236 ἐν
1029 2174 1069 2252 τῷ
1082 2171 1238 2251 Φλαμινίῳ
1252 2170 1438 2250 ἱπποδρόμῳ.

199 2283 264 2340 [aa.
282 2282 413 2342 Per-loch.
434 2284 504 2341 112.
546 2283 685 2341 laudatus
707 2287 754 2341 est
774 2300 791 2339 0
812 2281 938 2341 Caesare
959 2282 1095 2356 Augusto
1117 2279 1231 2338 vitrico.

205 2388 289 2447 Coos.
311 2389 351 2448 ad
369 2388 434 2448 Dio.
456 2409 481 2448 ο.
506 2391 576 2447 209:
618 2388 657 2447 Dt
685 2405 757 2447 voce
785 2393 815 2447 et
840 2386 971 2447 lacrimis
996 2386 1126 2446 laudasti
1148 2387 1256 2445 Caesar
1276 2385 1438 2444 alumnum.

238 2539 254 2569 „
322 2539 338 2569 „
394 2540 410 2570 „
453 2514 481 2570 ¹„
517 2497 589 2554 465.
632 2495 769 2573 Denique
797 2494 911 2553 laudari
940 2500 1053 2554 sacrato
1082 2493 1217 2554 Caesaris
1238 2511 1288 2552 ore
1308 2492 1438 2552 Emerui.

158 2801 287 2863 narravit,
306 2801 422 2850 Drusum
441 2816 503 2850 cum
520 2801 622 2851 Tiberio
641 2802 769 2851 delibera
855 2816 907 2864 pro
925 2802 1054 2851 contione.
1090 2800 1144 2850 Hoc
1163 2802 1218 2850 loeo
1234 2815 1320 2849 sermo
1334 2805 1440 2848 nonest

160 2899 188 2933 re
206 2885 311 2947 publica
328 2885 493 2935 restituenda
510 2886 602 2948 egisse.
824 2887 855 2935 dc
879 2886 999 2935 contione
1028 2886 1158 2948 militurn,
1187 2890 1217 2934 ut
1237 2885 1322 2933 Dremi
1342 2885 1439 2946 voluit,

190 2970 353 3032 quandoque
367 2977 463 3033 possut.
498 2970 625 3019 Maiorem
642 2970 768 3032 glorium,
823 2973 868 3021 sad
886 2971 991 3021 civium.
1011 2970 1104 3020 Omnis
1121 2970 1238 3019 laudatio
1258 2985 1302 3032 pro
1316 2969 1437 3019 contione

157 3053 268 3116 ideoque
286 3055 412 3103 maiorem
430 3055 577 3116 potentiam
595 3055 713 3117 adeptus.
824 3056 985 3119 labebatur,
1017 3061 1065 3104 aut
1090 3071 1105 3104 a
1129 3055 1300 3118 magistratu,
1333 3059 1380 3103 aut
1406 3054 1438 3102 ab

190 3139 352 3201 quandoque
390 3139 407 3188 i.
433 3153 455 3187 e.
489 3140 512 3187 si
537 3154 683 3202 umquam,
716 3155 769 3188 non

156 3223 226 3271 enirn
241 3223 418 3273 necessarium
431 3239 488 3273 esse
502 3230 565 3287 putu
579 3230 609 3274 ut
618 3229 769 3275 statuamus

156 3307 205 3356 lroc
237 3309 293 3357 loeo
327 3309 491 3371 quandoque
524 3312 611 3359 valere
646 3312 769 3373 ‹quando-

155 3407 274 3454 cuaque,
300 3407 349 3442 nec
375 3394 459 3456 magis
485 3394 557 3444 Caes.
583 3394 623 3444 16,
650 3394 697 3458 81,
725 3395 769 3444 nbi

156 3477 234 3540 vulgo
251 3477 289 3526 ita
306 3478 460 3540 explicatur.

188 3562 338 3610 nonnullos.
363 3562 433 3611 inter
450 3577 517 3625 quos
534 3563 640 3612 Tacitus
658 3563 769 3626 eiusque

156 3645 214 3693 fons
231 3645 350 3694 suerunt.

188 3743 222 3778 ne
255 3732 512 3791 praetermitterem.
553 3731 682 3781 Assentiri
717 3748 769 3781 non

155 3829 261 3876 possum
271 3815 326 3864 viro
335 3818 366 3865 01.
377 3816 457 3865 Polak
468 3817 511 3864 nl.
522 3817 589 3879 quid
598 3817 769 3866 inserendum

154 3912 211 3947 esse
235 3899 349 3961 putanti.
383 3899 526 3949 Suetonius
552 3901 638 3963 enim,
664 3902 769 3964 opinor,

154 3983 209 4046 ipse
226 3983 293 4033 bene
312 3985 398 4047 novit,
416 3985 503 4033 multa
521 3999 537 4032 a
554 3999 581 4033 se
597 3985 695 4034 omissa
704 4000 768 4034 esse.

187 4069 342 4119 coheredem
366 4070 444 4131 filiis.
480 4068 537 4118 Filii
560 4075 624 4118 sunt
649 4068 675 4118 C.
694 4074 722 4118 et
741 4071 768 4119 L.

154 4150 278 4202 Caesares
302 4169 324 4202 a.
349 4152 439 4217 737117
464 4154 496 4203 ab
514 4154 635 4218 Augusto
652 4154 769 4216 adoptati

154 4235 213 4297 (Dio
231 4238 278 4300 51,
301 4238 347 4302 18,
370 4238 411 4301 1),
429 4240 580 4303 horumque
598 4244 684 4288 mater
702 4239 769 4287 Iulia

154 4322 268 4386 Augusti
286 4323 353 4386 sslia3
378 4321 442 4384 (non
460 4325 532 4373 enirn
550 4324 720 4387 cogitandum
737 4324 768 4372 de

153 4407 508 4472 Marcelle,sororisAugusti
519 4408 666 4472 filio,quem
678 4414 769 4457 contra

153 4491 326 4540 Plutarchum
339 4492 400 4541 Ant.
418 4491 464 4542 87:
482 4489 536 4555 ἅμα
549 4490 630 4541 παῖδα
643 4488 689 4540 καὶ
702 4509 768 4555 γαμ-

151 4569 218 4638 βρὸν
231 4571 373 4640 ἐποιήσατο
383 4583 410 4626 et
418 4576 538 4627 Servium
550 4578 582 4626 ad
592 4576 657 4626 Aen.
668 4576 765 4640 71861

153 4674 205 4709 000
222 4660 299 4709 credo
308 4660 341 4709 ab
351 4661 471 4725 Augusto
481 4663 636 4724 adoptatum
646 4676 716 4724 esse,
735 4662 767 4712 ob

153 4744 288 4793 silentium
302 4751 450 4795 ceterorum
460 4747 580 4796 omnium
590 4746 767 4809 scriptorum).

186 4843 301 4892 semper.
315 4831 331 4879 i.
342 4845 363 4880 0.
374 4831 499 4894 quotiens
507 4836 700 4881 testamentum
710 4832 768 4883 1001.

824 3156 867 3204 eu,
895 3142 937 3190 cui
961 3142 1132 3204 magistratus
1156 3140 1306 3189 contionem
1330 3139 1439 3187 dederat

823 3227 855 3275 01.
883 3226 1003 3274 Momrns.
1031 3224 1091 3274 Sta.
1119 3221 1437 3272 1310110111Αο

823 3309 961 3372 Augustus
985 3309 1112 3357 nimirum
1137 3308 1163 3356 id
1184 3307 1225 3356 ius
1243 3307 1297 3369 ipse
1317 3306 1437 3355 habebat.

858 3394 1017 3461 laudaverit.
1053 3393 1088 3443 ut
1105 3408 1136 3442 01
1155 3393 1237 3441 Dione
1256 3394 1272 3441 l.
1290 3393 1307 3440 l.
1326 3406 1435 3455 cognos-

823 3479 919 3541 cimus,
939 3479 1041 3527 duobus
1057 3478 1119 3526 locis
1133 3477 1234 3526 Drusus
1247 3476 1373 3525 laudatus
1383 3479 1438 3535 est,

824 3579 839 3611 a
862 3563 965 3612 Tiberio
988 3563 1016 3611 in
1040 3563 1110 3625 1010,
1133 3561 1167 3610 ab
1185 3561 1305 3624 Augusto
1323 3560 1351 3607 in
1369 3559 1437 3608 circo

824 3647 960 3696 Flaminio.
981 3647 1028 3696 Hic
1041 3647 1127 3709 00110,
1142 3661 1202 3696 0010
1214 3650 1319 3708 propter
1328 3645 1437 3693 domum

824 3747 900 3781 suam
947 3737 1030 3781 morte
1077 3731 1153 3780 Drusi
1201 3731 1336 3779 funestam
1383 3729 1437 3778 lori

824 3815 971 3879 Capitolino
998 3815 1138 3865 sacrificari
1164 3830 1216 3864 non
1241 3819 1340 3877 posset,
1366 3814 1437 3876 quod

824 3901 909 3949 faeere
934 3901 1049 3950 debebat
1064 3901 1207 3963 imperator
1225 3904 1282 3962 post
1301 3900 1436 3949 victoriam

825 3985 918 4034 urbem
931 3986 1048 4047 intrans,
1072 3990 1148 4033 extra
1165 3985 1313 4046 pomerium
1331 3984 1436 4033 mansit.

858 4070 986 4120 Caesares
1009 4084 1078 4119 suos.
1113 4068 1140 4118 G.
1159 4073 1186 4116 et
1204 4069 1230 4117 L.
1250 4068 1374 4118 Caesares
1390 4069 1438 4117 lilii

824 4155 857 4203 M.
882 4155 1011 4218 Agrippae
1035 4160 1062 4202 et
1085 4154 1167 4202 iuliae
1185 4153 1299 4217 Augusti
1318 4153 1387 4202 filiae
1404 4153 1438 4202 ab

824 4241 943 4302 Augusto
984 4254 1053 4288 anno
1093 4235 1183 4300 737s17
1214 4238 1331 4300 adoptati
1361 4243 1438 4287 crant

823 4322 882 4384 (Dio
900 4323 946 4386 51,
965 4321 1023 4386 18),
1041 4324 1072 4372 01.
1091 4323 1208 4371 Monam.
1227 4321 1322 4386 Ancyr.
1335 4323 1372 4385 ll,
1390 4320 1436 4375 46:

823 4409 909 4458 Filios
925 4423 1012 4469 meos,
1031 4422 1097 4470 quos
1110 4404 1230 4468 iuo[enes
1243 4405 1326 4468 1011111
1335 4407 1437 4469 eripuit

824 4491 960 4554 forltuna]
990 4494 1092 4542 Galeam
1119 4499 1144 4540 et
1169 4492 1284 4540 Lucium
1303 4490 1436 4539 Caesares.

824 4577 934 4626 Nummi
953 4577 1084 4639 inscripti:
1105 4577 1130 4626 C.
1140 4578 1169 4626 L.
1184 4575 1436 4637 CaesaresAuqusti

823 4662 842 4723 f.
862 4676 911 4711 cos.
930 4663 1014 4724 desig.
1031 4663 1120 4724 princ.
1138 4663 1192 4711 tuo.
1211 4662 1280 4724 apud
1298 4662 1396 4710 Eclrhel
1412 4664 1435 4712 d.

822 4763 847 4795 n.
881 4747 914 4795 Vl
944 4744 991 4794 171
1026 4762 1056 4789 =
1087 4746 1176 4796 Cohen
1209 4751 1233 4812 Ι,
1267 4764 1290 4811 p.
1323 4747 1372 4797 115
1403 4749 1436 4797 cl.

824 4832 971 4881 Mommsen
997 4832 1048 4881 Res
1074 4848 1097 4896 g.
1125 4833 1149 4881 d.
1175 4829 1254 4896 Aug.²
1280 4849 1303 4896 p.
1329 4831 1435 4882 51-58.
