3322 5512
777 320 833 380 121

214 507 425 603 Peregrinae
471 505 678 581 conditionis
724 505 881 579 homines
926 505 1036 579 vetuit
1073 528 1244 601 usurpare
1282 505 1442 577 Romana

159 632 304 706 nomina
328 632 412 706 dum
437 640 536 706 taxsd
560 632 746 727 gentilicia.
773 630 960 705 Civitatem
979 631 1021 703 R.
1040 638 1250 725 usurpantes
1266 629 1301 702 in
1320 651 1443 725 campo

160 756 347 853 Esquilino
373 757 485 832 securi
512 756 691 853 percussit.
719 755 921 829 Provincias
942 753 1114 829 Achaiam
1132 764 1166 828 ct
1183 753 1444 845 Macedoniam,

159 905 253 978 quas
286 882 451 956 Tiberius
484 881 530 956 ad
564 905 684 954 curam
717 904 818 954 suam
851 880 1078 954 transtulerat
1112 879 1248 953 senatui
1283 878 1442 953 reddidit.

160 1007 285 1106 Lyciis
331 1009 375 1082 ob
421 1007 616 1082 exitiabiles
662 1007 752 1080 inter
796 1029 835 1080 se
881 1004 1075 1078 discordias
1121 1005 1316 1079 libertatem
1362 1004 1444 1078 ade-

202 1159 264 1218 Dio
286 1162 340 1234 60,
364 1162 457 1234 24,1
479 1161 544 1236 (sub
565 1178 592 1218 a.
617 1160 747 1232 79744).
789 1158 843 1232 ria
876 1157 908 1220 δὲ
932 1157 1072 1236 Ἀχυιίυυ
1097 1158 1149 1220 nai
1173 1158 1225 1230 rhu
1251 1154 1443 1220 Μακεδονίαν

161 1265 289 1345 ulcerata
320 1265 481 1347 ἄρχουσιν,
517 1267 551 1348 ἐξ
588 1261 676 1343 οὗπερ
709 1265 721 1328 d
753 1263 893 1345 Τιβέριος
925 1258 1016 1349 ἦρξε,
1052 1263 1212 1340 διδομένας
1243 1262 1398 1327 ἀπέδωκεν
1430 1263 1443 1326 ὃ

162 1373 315 1443 Κλαύδιος
339 1373 408 1438 τότε
432 1373 473 1452 τῷ
497 1373 606 1452 κλήρῳ.

202 1479 263 1538 Dio
284 1482 409 1554 60,17,
432 1481 453 1538 3
475 1479 540 1555 (sub
561 1499 587 1538 a.
612 1477 744 1558 796143).
785 1478 854 1549 τούς
877 1502 911 1542 τε
936 1476 1064 1548 Λυκίους
1088 1476 1338 1548 accederemus,
1366 1473 1442 1538 dans

161 1584 215 1648 uui
237 1585 402 1664 Ῥωμαίους
425 1586 510 1658 τινὰς
533 1587 729 1659 ἀποκτεῖναι,
755 1584 944 1650 ἕδυυλυίσυιτί
966 1611 1001 1650 τε
1024 1585 1076 1650 nal
1100 1585 1131 1656 ἐς
1154 1584 1204 1650 τὸυ
1228 1590 1282 1658 τῆς
1299 1588 1440 1664 [laada-

162 1691 232 1765 λίυς
255 1693 343 1770 rapio
367 1693 551 1775 ἕσίγρυψεν.

195 1855 306 1906 Saeculo
324 1863 414 1907 autern
432 1860 514 1907 altero
531 1864 559 1907 et
575 1857 654 1906 tertio
672 1872 695 1921 p.
711 1856 774 1906 (thr.

159 1939 252 1990 Ostiae
268 1942 409 1992 stationem
429 1942 522 1992 habuit
530 1941 664 1991 vexillatis
674 1941 775 1991 delecta

159 2041 192 2074 ex
210 2030 311 2090 septem
326 2027 478 2077 cohortibus
493 2027 616 2091 vigilum,
637 2027 669 2077 cl.
680 2025 706 2076 G.
717 2027 735 2076 l.
746 2027 773 2077 L.

158 2108 221 2159 XIV
245 2125 268 2173 p.
292 2109 316 2158 9.
339 2110 402 2173 Eph.
428 2111 473 2174 Ep.
494 2110 540 2160 Vll
563 2109 629 2160 laco
652 2110 719 2162 lact
744 2128 773 2155 =

159 2195 235 2243 Dess.
254 2209 280 2242 n.
289 2193 362 2244 2151.
380 2194 454 2246 11155.
467 2195 532 2259 Eph.
542 2196 627 2259 Epigr.
638 2198 654 2245 l.
664 2198 680 2246 l.
691 2195 773 2260 ason

193 2281 321 2330 Romana
337 2282 459 2331 nentina.
485 2282 517 2331 cf.
536 2281 653 2331 edictum
670 2281 774 2332 Claudii

160 2365 195 2414 de
214 2365 319 2415 civitate
337 2365 512 2415 Anaunorum
530 2365 557 2415 G.
570 2367 589 2415 l.
600 2367 626 2415 L.
637 2365 773 2416 11505οι-

159 2451 234 2499 Dess.
257 2465 283 2499 n.
301 2449 350 2499 106
368 2450 407 2511 (in
424 2449 500 2511 smel:
528 2451 603 2509 Quod
620 2451 774 2514 benificium

158 2538 185 2585 is
213 2537 255 2585 ita
277 2536 377 2600 tribuo,
401 2543 432 2585 ut
449 2551 626 2599 quaecunque
643 2542 774 2599 tanquam

157 2621 230 2669 aives
248 2620 370 2670 Roncant
387 2626 528 2684 gesserunt
544 2627 711 2684 eqeruntque
726 2627 774 2669 aut

158 2706 235 2754 inter
264 2719 292 2755 se
323 2711 373 2754 aut
403 2719 465 2754 cum
499 2704 666 2754 Tridentinis
691 2706 775 2755 aliaue

156 2787 248 2852 rat[a]
267 2804 324 2839 esse
340 2787 474 2851 iubea[rn]
487 2790 774 2852 noniinaqueeaquac

157 2874 316 2924 babuerunt
332 2880 412 2923 antea
432 2880 564 2936 tanquarn
575 2874 642 2923 ciues
655 2874 773 2924 Romani

158 2959 201 3006 tta
220 2958 318 3008 babere
331 2961 355 3008 is
362 2959 537 3021 permittant,
555 2957 702 3007 Mommsen
712 2957 772 3008 StR.

156 3040 345 3092 111113Α5.

194 3128 330 3177 ciuitatem
340 3128 372 3177 R.
381 3135 544 3190 usurpantes
559 3128 575 3177 i.
582 3143 604 3177 e.
614 3128 772 3192 peregrinos.

157 3212 361 3276 Peregrinitatis
385 3226 460 3261 reum
484 3212 567 3262 habes
589 3227 610 3262 c.
634 3211 772 3262 156661*-

149 3303 256 3360 pantes
273 3297 289 3346 i.
308 3311 330 3347 e.
349 3312 429 3346 usum
446 3301 538 3346 contra
554 3297 772 3359 iasinvadenteS,

155 3396 215 3445 qua
231 3381 422 3446 significatione
439 3396 486 3430 voa
505 3381 552 3430 hac
565 3382 673 3430 demum
686 3386 773 3430 aetate

154 3466 271 3530 legitur,
289 3466 322 3516 cl.
340 3466 407 3515 Plin.
425 3481 483 3529 pan.
496 3463 536 3528 81,
549 3464 579 3515 3:
601 3465 773 3527 Usurpabant

154 3551 279 3612 qtoriarn
297 3551 379 3599 istane
396 3549 712 3614 illiquoqueprincipes,
725 3552 773 3614 qui

155 3635 235 3685 obire
257 3648 313 3684 non
326 3640 462 3696 poterant.
488 3634 547 3683 Tac.
565 3633 632 3684 Ann.
650 3634 709 3684 XIV
726 3634 771 3684 l8:

164 3719 300 3782 Usicrpata
318 3719 461 3767 concedere
477 3719 588 3780 scripsit
604 3715 707 3780 (Nero).

194 3806 225 3853 in
234 3817 331 3864 campo
346 3802 499 3865 Esquilino.
517 3807 592 3852 extra
609 3808 711 3866 portam
725 3803 771 3852 Es·

157 3887 306 3950 quilinam,
323 3886 369 3936 ubi
386 3887 561 3936 animadverti
570 3887 597 3935 in
607 3893 696 3937 sontes
704 3889 772 3936 sole-

155 3968 219 4034 bat,
244 3971 277 4019 cf.
300 3970 386 4019 Plaut.
410 3969 467 4020 Cas.
492 3972 514 4020 ll
540 3970 563 4020 6.
589 3971 642 4020 Mil.
661 3970 730 4021 Glor.
749 3973 771 4020 ll

160 4054 189 4118 1,
206 4053 231 4104 6.
249 4054 308 4103 Tac.
326 4053 394 4104 Ann.
412 4055 435 4103 ll
453 4054 500 4118 17,
518 4061 546 4104 et
563 4056 595 4105 de
612 4056 694 4105 servis
707 4071 771 4118 pau-

161 4139 320 4201 peribusque
344 4152 374 4187 eo
395 4139 502 4202 quidem
522 4142 591 4203 loco,
614 4141 657 4189 cui
674 4155 771 4190 nomen

159 4222 302 4271 sessorinm
320 4227 390 4283 erat,
408 4224 440 4273 cf.
458 4224 527 4273 Plut.
545 4222 619 4273 Galb.
635 4222 675 4273 18.
685 4224 771 4275 Schol.

160 4306 238 4369 Gruq.
262 4306 295 4355 ad
313 4307 402 4357 Horat.
420 4307 498 4370 Eporl.
516 4307 545 4370 5,
563 4306 621 4357 106.
639 4307 692 4358 Sat.
710 4309 721 4357 l
739 4307 771 4371 8,

159 4389 200 4439 11.
218 4391 278 4441 Tac.
295 4390 364 4440 Ann.
381 4390 426 4440 XV
444 4390 485 4440 66.

191 4476 280 4525 securi
296 4476 435 4537 percussit.
453 4477 485 4526 cl.
495 4476 597 4526 Arrian.
614 4477 678 4526 [tiss.
689 4477 769 4540 Epict.

160 4557 184 4623 3,
209 4559 251 4622 24,
276 4558 321 4608 24:
356 4555 391 4608 Οἱ
415 4563 460 4624 τῆς
483 4557 626 4624 Ῥωμαίων
643 4558 772 4616 πολιτείας

161 4640 389 4708 καταψευδόμενοι
408 4640 563 4702 κολάζονται
580 4649 693 4708 πικρῶς.

192 4728 326 4778 Achaiam
348 4735 374 4778 et
396 4730 585 4779 Macedoniarn
607 4745 674 4792 qaas
695 4730 771 4780 Tiba-

161 4814 218 4862 rius
247 4813 285 4862 ad
309 4828 405 4864 curam
429 4829 508 4865 suani
535 4817 721 4865 transtulerat.
748 4830 770 4864 a.

830 1854 935 1919 768115,
953 1857 985 1905 cf.
1003 1856 1062 1905 Tac.
1080 1855 1148 1905 Anu.
1167 1856 1178 1904 l
1197 1853 1242 1904 76:
1260 1855 1394 1904 Achaiam
1410 1871 1442 1904 ac

828 1942 1017 1991 Macedoniarn
1045 1955 1129 1990 onera
1158 1942 1331 2003 deprecantes
1357 1941 1442 1990 leuari

828 2027 859 2077 in
880 2041 1011 2089 praesens
1031 2027 1221 2088 proconsulari
1245 2027 1362 2089 inaperta
1385 2032 1441 2075 tra-

828 2111 912 2174 dique
930 2110 1038 2160 Caesari
1053 2112 1167 2173 placuit.
1186 2109 1348 2160 Coniunctae
1365 2115 1441 2159 erant

828 2211 890 2244 cum
916 2195 1048 2258 provincia
1072 2194 1191 2245 Caesaris
1213 2195 1325 2258 Moesia,
1348 2194 1386 2244 ita
1411 2199 1442 2243 ut

828 2280 951 2330 omnibus
969 2279 1056 2329 tribus
1072 2280 1211 2343 provinciis
1228 2282 1333 2343 legatus
1345 2294 1440 2329 consu-

829 2367 890 2415 laris
909 2369 1054 2429 praeesset,
1071 2365 1121 2415 sub
1139 2380 1193 2428 quo
1207 2367 1309 2428 legatus
1322 2363 1442 2414 Caesaris

827 2455 876 2498 aut
900 2450 1047 2500 consularis
1070 2447 1242 2512 (Pomponius
1265 2450 1374 2499 Flaccus
1390 2464 1440 2499 cos.

828 2548 850 2583 a.
870 2530 960 2596 776117
979 2534 1083 2597 legatus
1099 2533 1213 2583 Moesiae
1232 2534 1283 2583 luit
1300 2548 1322 2582 a.
1341 2531 1440 2596 lllllss,

828 2619 860 2668 cf.
878 2619 938 2668 Tac.
956 2617 1024 2667 Ann.
1042 2619 1053 2667 l
1071 2617 1115 2680 66)
1133 2623 1181 2667 aut
1195 2618 1342 2681 praetorius
1351 2615 1441 2679 (Pom-

829 2703 921 2764 panius
948 2703 1043 2765 Labeo,
1068 2704 1101 2752 cf.
1126 2702 1173 2751 Dio
1196 2700 1242 2765 58,
1265 2701 1311 2764 243
1329 2702 1442 2751 Martius

827 2779 928 2850 Macer,
946 2787 978 2836 cl.
996 2787 1073 2836 infra.
1093 2787 1211 2836 Latinius
1229 2787 1352 2836 Pandusa
1369 2784 1440 2847 (Tac.

828 2871 895 2920 Ann.
922 2872 945 2920 ll
971 2870 1015 2932 66)
1040 2876 1067 2920 et
1091 2872 1117 2920 P.
1140 2871 1263 2921 Vellaeus
1287 2869 1357 2933 (Tac.
1381 2872 1398 2920 l.
1423 2874 1439 2921 l.

828 2957 863 3005 lll
881 2954 925 3017 32)
943 2957 1077 3006 fuerintne
1095 2957 1245 3006 consulares
1264 2971 1296 3005 an
1318 2957 1441 3019 praetorii

828 3056 880 3090 non
889 3040 1004 3102 constat)
1017 3041 1131 3090 Moesiae
1144 3047 1171 3090 et
1180 3041 1283 3091 duabus
1292 3042 1440 3106 legionibus

827 3125 863 3174 ibi
885 3125 1057 3175 tendentibus
1080 3126 1218 3189 impositus
1241 3131 1310 3190 erat,
1334 3127 1365 3177 cf.
1389 3143 1440 3176 von

827 3209 1019 3259 Domaszewslri
1036 3210 1103 3259 Mus.
1122 3211 1205 3259 Rhea.
1223 3209 1290 3261 1896
1308 3227 1331 3274 p.
1350 3211 1364 3261 1
1382 3227 1440 3275 sqq.

860 3296 966 3344 senatui
993 3295 1121 3345 reddidit.
1152 3309 1175 3344 a.
1203 3293 1307 3359 797111,
1334 3297 1365 3345 cf.
1393 3296 1440 3345 Dio

827 3378 873 3443 66,
904 3379 950 3443 al,
983 3379 1006 3429 1.
1041 3379 1158 3444 Utraque
1190 3381 1325 3443 provincia
1350 3386 1441 3444 postea

826 3465 969 3529 regebatur
1000 3479 1016 3512 a
1046 3467 1200 3528 proconsule
1232 3467 1374 3529 praetorio,
1407 3467 1439 3516 cl.

826 3549 908 3613 Marq.
932 3548 992 3600 StV.
1011 3547 1034 3597 1²
1051 3548 1108 3612 319,
1126 3548 1183 3599 331.
1210 3550 1324 3600 Achaiae
1348 3557 1439 3599 autern

826 3634 927 3696 primus
950 3638 1088 3697 proconsul
1106 3636 1188 3685 fuisse
1208 3636 1311 3685 videtur
1328 3634 1372 3697 (ut
1389 3651 1438 3685 von

827 3719 1019 3768 Domaszewslri
1045 3721 1061 3768 l.
1087 3721 1103 3768 l.
1121 3735 1145 3782 p.
1163 3720 1267 3769 5recte
1285 3720 1391 3783 collegit
1407 3735 1438 3769 ex

826 3802 913 3852 verbis
943 3800 1025 3864 citrla
1054 3801 1190 3866 sarman)
1215 3804 1327 3853 Martius
1352 3804 1440 3853 Macer

826 3889 979 3937 nominatus
1005 3889 1032 3937 in
1058 3888 1137 3937 titulo
1163 3888 1287 3937 Arretino
1313 3887 1340 3937 C.
1367 3889 1388 3938 l:
1410 3890 1437 3938 L.

826 3973 861 4022 Xl
884 3971 950 4022 1835
968 3989 999 4016 =
1024 3973 1095 4022 lless.
1114 3989 1139 4022 n.
1156 3971 1220 4022 969:
1240 4009 1245 4022 .
1265 4010 1270 4022 .
1290 4011 1295 4022 .
1314 4010 1320 4022 .
1338 3972 1439 4022 Martio

825 4057 854 4106 L.
879 4059 895 4120 s
922 4057 1000 4106 Pani.
1026 4055 1140 4119 [Maclro
1165 4058 1227 4107 trib.
1253 4060 1311 4107 niil.
1336 4059 1385 4120 leq.
1410 4058 1441 4106 Π

825 4141 885 4190 IIII
897 4143 946 4190 uir.
965 4139 1046 4203 o[iar.
1065 4157 1120 4191 cur.
1136 4140 1172 4204 q.]
1190 4143 1247 4192 aed.
1265 4157 1320 4192 cur.
1334 4158 1377 4205 pr.
1389 4143 1437 4204 leq.

830 4227 868 4276 Ti.
879 4225 976 4275 Claudi
987 4224 1201 4288 Gaes[arisAuq.
1209 4225 1308 4290 pnlpr.
1317 4228 1437 4290 provinc.

825 4310 944 4360 Moesiae
978 4311 1026 4373 leq.
1053 4310 1095 4358 IV
1118 4308 1247 4374 chtlliic.
1274 4317 1300 4361 et
1325 4310 1385 4374 leq]
1417 4312 1439 4360 V

825 4395 925 4444 Maced.
959 4408 1059 4456 procos.
1090 4410 1165 4457 proc.
1196 4392 1328 4458 Acbailae
1355 4394 1437 4458 citr]a

824 4477 948 4541 sor[t]eni
967 4493 1000 4528 ecc
1017 4479 1043 4529 d.
1062 4480 1087 4528 d.
1103 4495 1130 4542 p.

858 4563 1142 4624 Lyciis-libertatem.
1172 4560 1285 4613 Λυκίων
1302 4560 1330 4612 τὸ
1347 4562 1437 4613 κοινόν

825 4645 975 4694 libertatem
1000 4645 1067 4708 (sine
1090 4647 1169 4696 dubio
1194 4663 1225 4697 ex
1248 4649 1351 4698 foedere
1374 4664 1436 4698 con-

825 4745 939 4794 cessam,
958 4732 990 4780 cf.
1007 4732 1155 4781 Mommsen
1173 4733 1233 4782 StR.
1253 4734 1287 4783 lll
1305 4732 1353 4782 687
1370 4733 1390 4782 A
1405 4733 1436 4795 2,

825 4816 895 4877 quod
914 4817 1003 4865 minus
1021 4821 1091 4865 recte
1107 4822 1187 4879 negat
1199 4816 1329 4879 Treuber,
1343 4815 1435 4866 Gesch.
