3322 5512
366 1171 405 1266 C.
454 1159 774 1268 sudronll
820 1159 1234 1271 dornoniam

530 1407 593 1468 DE
624 1407 744 1468 VITA
775 1407 1060 1471 CAESARUM.

702 1649 821 1709 LIBER
853 1649 889 1708 V.

478 1835 686 1905 [rivus
742 1836 1116 1905 candolus,

203 2325 230 2395 Ι.
280 2323 420 2397 Patrem
455 2323 592 2398 Claudii
630 2324 795 2398 Caesaris
829 2325 1003 2415 Drusum,
1038 2325 1119 2398 olim
1145 2326 1327 2399 Decimum
1354 2350 1435 2401 mox

156 2449 329 2521 Neronem
354 2448 595 2544 praenomine,
629 2449 750 2541 Livia,
776 2473 854 2522 cum
881 2449 1044 2544 Augusto
1070 2449 1218 2544 gravida
1243 2452 1436 2547 nupsisset,

197 2627 254 2686 1)ιό
272 2630 329 2702 48,
348 2630 404 2702 44,
423 2631 446 2686 l.
462 2631 490 2686 4.
514 2629 574 2691 Ἦν
599 2628 630 2691 δὲ
657 2630 692 2714 (ἡ
718 2628 843 2714 nervia)
861 2667 904 2676 -
921 2629 996 2703 γονὴ
1012 2628 1053 2701 ,δὲ
1070 2634 1121 2692 τοῦ
1138 2628 1289 2707 Νέρωνος,
1313 2628 1388 2706 μεθ’
1406 2627 1437 2694 οὖ

155 2732 372 2813 οννδιέφννεν,
407 2733 505 2815 ὥσπερ
542 2735 654 2814 οἴονται
676 2756 681 2768 ·
704 2736 755 2798 καὶ
788 2735 865 2798 ἐκύει
896 2737 928 2809 γ’
960 2735 994 2816 ἐξ
1027 2737 1119 2798 αὐτοῦ
1151 2743 1233 2811 μῆνα
1265 2732 1359 2801 ἕκτον,
1394 2775 1436 2785 -

158 2845 330 2903 συνοικοῦσα
356 2841 383 2903 δ’
408 2841 461 2915 ἤδη
486 2843 502 2915 ἡ
527 2842 602 2916 γονὴ
627 2843 667 2921 τῷ
692 2840 837 2919 Καίσαρι,
863 2843 955 2904 τίκτει
980 2842 1129 2906 Κλαύδιον
1154 2849 1281 2921 Δροῦσον
1304 2843 1434 2921 Νέρωνα.

201 2945 325 3005 Velleius
346 2947 392 3021 ll,
415 2951 463 3022 95,
488 2951 508 3007 1.
544 2949 657 3022 Druse,
679 2967 769 3025 quem
783 2948 860 3007 intra
875 2954 998 3024 penates
1013 2947 1148 3006 Caesaris
1162 2949 1251 3007 enixa
1265 2956 1329 3008 erat
1343 2949 1436 3008 Livia.

200 3053 260 3111 Tae.
282 3056 363 3112 Areu.
392 3055 423 3127 V,
447 3058 468 3113 l.
504 3055 584 3113 Exin
605 3055 714 3114 Caesar
734 3054 875 3131 cupidine
896 3055 1007 3113 formae
1027 3056 1125 3113 aufert
1146 3055 1266 3129 marito,
1288 3056 1435 3116 incertum

154 3179 192 3217 an
223 3160 361 3231 invitam,
392 3161 466 3220 adeo
498 3179 658 3238 properus,
690 3168 724 3220 ut
756 3180 793 3220 ne
825 3161 920 3237 spatio
949 3161 1069 3237 quidem
1098 3162 1135 3220 ad
1165 3162 1338 3221 enitendum
1368 3163 1436 3221 dato

155 3267 313 3341 penatibus
335 3267 398 3326 suis
420 3268 574 3343 grauidam
594 3268 756 3326 induxerit.

199 3373 277 3432 Suel.
298 3376 375 3448 Auo.
399 3376 448 3433 62.
490 3393 524 3433 ae
546 3375 645 3433 statim
668 3375 784 3433 Liviam
804 3374 967 3433 Drusillam
985 3374 1171 3433 matrimonio
1186 3374 1296 3434 Tiberii
1310 3375 1437 3436 Neronis

155 3479 327 3555 etquidem
349 3486 561 3556 praegnantem
582 3481 716 3539 abduxit.

190 3720 322 3770 Caesaris.
348 3721 401 3771 Hoc
413 3738 559 3787 cognomen
573 3726 660 3787 gentis
672 3725 767 3787 luliae,

154 3807 224 3869 quod
258 3807 394 3870 Arrgrrstus
425 3823 570 3872 omnesque
595 3810 686 3872 agnati
712 3811 769 3859 eius

156 3890 322 3953 babuerunt,
340 3889 467 3941 Claudius
485 3893 593 3942 deinum
612 3895 768 3956 assumpsit,

156 3980 295 4038 postquam
314 3975 434 4039 princeps
451 3978 537 4027 frictus
554 3984 601 4028 est.

188 4060 330 4110 Decimum
348 4076 413 4110 mor
430 4061 572 4112 Neronem.
599 4063 635 4111 Ex
653 4062 769 4125 patriciis

155 4143 280 4205 gentibus
290 4145 337 4193 soli
347 4144 451 4194 Claudii
461 4161 620 4208 praenomen
630 4148 768 4196 Decimum

156 4234 308 4290 gesserunt,
335 4236 362 4279 et
388 4245 419 4278 en
445 4229 561 4280 Claudiis
585 4233 696 4280 fortasse
721 4231 769 4280 soli

156 4311 258 4361 Claudii
290 4314 409 4364 Nerones
440 4314 484 4376 (cf.
518 4316 664 4364 Mommsen
694 4315 767 4364 R'om.

156 4396 293 4460 Forscl1.l,
310 4397 365 4459 46).
381 4400 493 4448 Plenum
510 4415 606 4448 nomen
619 4400 704 4448 Druso
718 4400 769 4448 fnit

156 4481 279 4530 Decimus
311 4480 438 4532 Claudius
469 4485 570 4533 Drusus
602 4484 684 4547 Nero,
717 4485 769 4532 duo

155 4567 312 4629 cognomina
329 4568 400 4616 enim
419 4568 534 4616 Drusum
555 4567 687 4616 Neronem
707 4583 768 4617 eum

156 4649 280 4698 babuisse
306 4651 427 4700 norimus
445 4666 475 4699 ex
494 4651 584 4700 Dione.
598 4654 613 4701 l.
628 4654 644 4701 l.
663 4649 769 4712 „Ietae-

157 4732 214 4782 διον
237 4733 358 4797 Δροῦσον
379 4731 510 4798 Νέρωνο”
531 4745 558 4784 et
575 4735 647 4785 Suet.
666 4736 721 4785 Tib.
740 4736 768 4785 l:

158 4818 211 4866 Nee
241 4820 327 4868 rastello
357 4826 416 4882 post
441 4820 513 4869 ritem
541 4821 621 4883 obiit,
655 4828 770 4884 'utroque

823 3724 970 3773 liberorum
988 3725 1145 3786 superstite,
1173 3723 1278 3773 Tiberio
1296 3724 1437 3787 Drusoque

823 3807 984 3857 Neronibus.
1018 3807 1063 3856 His
1093 3808 1256 3870 temporibus
1279 3813 1369 3857 tamen
1389 3824 1436 3871 pa-

823 3892 891 3941 tricii
918 3891 1100 3954 praenomina,
1132 3906 1200 3954 quae
1233 3891 1340 3954 plebeiis
1370 3907 1436 3955 qno-

823 3991 875 4039 que
902 3977 1026 4040 gentibus
1052 3977 1079 4025 in
1103 3991 1154 4024 usu
1172 3982 1263 4039 erant,
1290 3979 1436 4040 aspernati,

823 4060 1022 4124 cognominibus
1055 4061 1110 4109 suis
1143 4076 1188 4123 pro
1221 4063 1437 4124 praenominibus

824 4146 863 4194 uti
881 4150 1031 4208 coeperunt.
1050 4144 1092 4194 Sic
1110 4146 1211 4207 primns
1229 4148 1269 4195 vel
1283 4151 1353 4195 certe
1367 4147 1438 4195 inter

824 4231 921 4294 primos
942 4230 1032 4281 Sullae
1050 4229 1184 4279 dictatoris
1202 4229 1273 4279 filius
1291 4246 1436 4294 cognomen

824 4315 951 4364 Faustum
966 4320 997 4362 ut
1009 4327 1168 4376 praenomen
1182 4316 1275 4378 gessit,
1294 4317 1326 4365 el.
1341 4316 1436 4365 Bullet.

824 4400 855 4448 de
879 4398 949 4449 Corn.
973 4399 1039 4448 Hell.
1064 4397 1130 4447 1886
1154 4415 1177 4462 p.
1201 4399 1263 4450 2371:
1302 4398 1437 4464 Φαῦστο[ς

823 4480 986 4547 ΚορνήῘλιος
1003 4479 1093 4531 Σύλλα
1107 4478 1308 4548 Ἐπαφρόδιτος.
1327 4484 1379 4535 Cio.
1392 4501 1437 4549 pro

824 4568 927 4618 Cluent.
937 4567 977 4630 34,
990 4567 1030 4616 ill.
1050 4565 1122 4616 Caes
1136 4567 1160 4616 b.
1171 4582 1191 4616 c.
1205 4569 1228 4627 l,
1241 4567 1264 4616 o.
1283 4567 1324 4617 Sic
1336 4569 1437 4618 Drusus

824 4667 930 4715 quoque
945 4654 972 4701 in
986 4654 1074 4701 locum
1088 4653 1264 4715 praenominis
1274 4653 1374 4701 Decimi
1383 4654 1435 4702 iam

824 4738 985 4801 pervulgati,
1000 4752 1167 4801 ,praenomen
1191 4737 1336 4797 Neronem,
1358 4742 1437 4785 antea

824 4837 968 4884 cognomen
985 4837 1078 4885 snum,
1097 4822 1251 4884 assurnpsit3
1269 4837 1321 4885 qrro
1336 4822 1436 4870 laetrun

1325 4916 1332 4962 l
