3322 5512
101 535 194 619 sent,
228 526 379 602 restituit
408 528 578 621 aetioneS,
612 536 647 602 et
671 530 705 601 in
733 530 862 603 maiore
888 528 1012 602 frande
1038 526 1231 618 convictos,
1266 523 1377 622 legiti-
1469 526 1507 600 O.
1536 523 1590 599 14.

102 677 192 725 mam
219 677 367 750 poenam
393 676 646 750 supergressus
670 654 717 727 ad
742 655 874 727 bestias
899 654 1150 728 condemnavit.

145 778 226 853 XV.
276 779 319 850 In
365 778 604 874 cognoscendo
646 787 761 851 autem
805 803 847 852 ao
886 779 1104 870 decernendo
1142 779 1230 851 mira
1267 778 1378 851 varie-

99 911 168 975 tate
214 902 320 975 animi
366 902 448 996 fuit,
494 903 599 976 modo
649 903 920 1000 circumspectus
958 913 992 977 et
1033 928 1163 999 sagax,
1205 902 1378 976 interdum

99 1027 314 1101 inconsultus
360 1054 402 1103 ac
448 1052 634 1124 praeceps,
685 1051 944 1123 nonnumquam
990 1028 1137 1102 frivolus
1181 1027 1380 1122 amentique

100 1152 230 1225 similis.
280 1151 371 1226 Cum
417 1152 579 1228 decurias
633 1176 749 1226 rerum
787 1162 868 1226 actu
904 1162 1137 1249 expungeret,
1185 1176 1282 1245 eum,
1320 1152 1380 1246 qui

99 1376 157 1410 rent
179 1363 279 1424 perdit.
297 1387 330 1395 —
349 1359 426 1423 [Plus
452 1369 543 1411 autent
570 1359 709 1424 quattuor]

99 1446 188 1494 modic
219 1448 339 1508 petitur:
373 1444 441 1509 r[e],
477 1453 609 1509 ternpore,
645 1448 711 1508 mcc,

99 1545 185 1578 causa
204 1530 302 1580 Paulus
319 1529 391 1580 Sent.
408 1530 476 1580 11οε
497 1529 574 1593 [Plus
586 1529 710 1594 petendo]

100 1628 180 1662 carna
197 1615 320 1663 cadimus
338 1622 386 1664 aui
404 1617 458 1664 loco
476 1623 524 1665 aut
540 1631 649 1665 suntma
665 1623 713 1664 aut

101 1705 220 1761 tempore
229 1706 278 1748 aut
287 1701 434 1762 qualitate:
448 1701 590 1763 icccalibi,
603 1715 713 1749 summa

99 1785 173 1846 plur,
209 1791 328 1847 tenipore
358 1787 472 1847 petendo
504 1791 567 1834 ante
592 1791 711 1847 tentpcce,

100 1869 231 1930 qualitate
247 1870 369 1919 eiusdem
386 1872 427 1919 rei
443 1871 558 1931 speciem
570 1871 712 1919 meliorent

98 1954 272 2016 postulantes.

134 2037 255 2098 formula
281 2039 452 2088 cecidissent.
487 2041 519 2088 cl.
548 2040 648 2090 Seneca
672 2055 712 2102 ep.

101 2120 145 2184 48,
170 2120 216 2171 10:
243 2123 311 2185 quiid
334 2125 408 2172 enini
432 2125 508 2172 aliud
529 2127 628 2186 aptas,
651 2139 713 2173 cuni

101 2222 169 2269 eunt,
181 2222 262 2270 quent
272 2210 282 2256 i
285 2210 458 2271 ntcrrcqatia,
471 2211 583 2258 scientes
594 2210 624 2258 ia
634 2209 712 2270 frau-

101 2292 161 2340 dent
185 2293 334 2352 inducitis,
358 2307 443 2354 apuam
459 2299 490 2340 ut
508 2293 629 2354 formula
645 2295 712 2342 ceci·

101 2378 171 2426 disse
188 2378 322 2426 uideatur.
358 2377 430 2426 Idem
449 2382 489 2425 est
506 2393 588 2426 carcaa
605 2379 712 2441 cadere,

102 2461 169 2523 qnod
183 2459 265 2509 Gaius
278 2461 294 2508 l.
305 2462 321 2508 l.
331 2461 443 2522 explicat
452 2476 498 2523 per
506 2463 583 2511 litent
591 2464 713 2524 perdere.

134 2547 256 2594 restituit
280 2547 399 2594 actiones
425 2545 440 2592 i.
465 2560 486 2593 e.
511 2546 580 2607 apud
606 2547 712 2595 eosdem

100 2631 212 2691 iudices,
251 2630 298 2692 qui
332 2635 411 2678 antea
443 2630 637 2691 iudicaverant,
672 2646 713 2679 res

103 2716 188 2763 denuo
206 2715 323 2763 iudicata
340 2718 387 2762 est.
407 2712 547 2763 Claudium
561 2715 610 2764 hoc
622 2721 714 2764 contra

101 2801 185 2862 legem
203 2799 296 2848 fecisse
309 2804 336 2847 et
349 2799 443 2847 docent
456 2800 535 2848 verba
547 2816 595 2849 nec
608 2816 714 2863 semper

101 2886 269 2946 praescripta
289 2884 379 2944 lentim
397 2890 500 2932 eccultus
518 2891 546 2933 et
558 2886 619 2933 inde
632 2885 713 2934 effici-

102 2975 158 3031 tur,
182 2969 252 3031 quod
277 2973 367 3031 postea
389 2984 495 3031 quoquc
519 2970 568 3018 nisi
591 2971 618 3018 in
636 2972 714 3019 certis

102 3053 178 3103 rebus
203 3053 336 3101 restitutio
360 3052 387 3100 in
409 3052 542 3115 integrum
563 3069 578 3101 a
596 3059 714 3116 praetore

101 3137 305 3199 ourrcedebatur,
331 3137 361 3186 cf.
386 3135 467 3186 Gaius
484 3136 518 3185 tv
536 3137 582 3186 53:
613 3154 661 3188 nec
679 3137 713 3200 (si

102 3225 162 3286 quis
178 3224 240 3286 plus
258 3223 372 3284 petendo
389 3237 471 3270 causa
485 3220 591 3284 cecidit)
603 3239 620 3271 a
631 3238 714 3285 prae·

103 3314 157 3357 tore
178 3309 209 3356 in
233 3303 396 3368 intendunt]
421 3304 600 3368 restituidur]
619 3323 713 3370 cacep-

103 3389 159 3452 [tt'c]
184 3391 349 3454 quibusdam
367 3391 472 3439 casibus
490 3392 521 3440 in
531 3390 648 3453 -q[uib·us
659 3431 663 3441 .
675 3431 680 3441 .
692 3432 697 3442 .
709 3432 713 3442 .

103 3474 225 3538 p]raetor
240 3489 296 3524 non
311 3475 434 3536 patitur.
445 3511 451 3522 .
463 3511 484 3523 ..
504 3475 567 3525 lnst.
581 3476 614 3524 IV
626 3475 653 3540 6,
669 3476 714 3526 33:

102 3574 148 3609 nec
166 3559 248 3620 facile
265 3560 295 3607 in
312 3560 452 3620 integrunt
469 3575 486 3608 a
497 3567 623 3622 praetore
635 3564 715 3612 recti-

103 3645 240 3707 tuebatur,
256 3645 313 3693 niai
330 3644 423 3692 minor
439 3650 499 3693 erat
516 3645 614 3707 niniati
632 3648 715 3709 quin·

103 3745 154 3793 quc
170 3730 261 3778 anaia.
279 3753 313 3760 —
330 3743 395 3777 cane
412 3729 436 3776 si
450 3735 507 3777 tunt
519 3744 622 3791 ntaqna
634 3745 715 3780 caiisa

103 3814 169 3863 iusti
200 3814 302 3861 erroris
334 3812 542 3875 interveniebat,
572 3820 603 3862 ut
633 3816 716 3864 etiarn

103 3898 335 3947 constantissimus
374 3899 491 3959 uncisque
525 3898 580 3946 lalri
612 3907 715 3963 posset,

103 3984 185 4032 etiam
218 3983 318 4031 nictari
352 3983 451 4044 niniati
481 3985 604 4046 utrinque
635 3989 717 4035 annis

103 4068 324 4117 succurrebatnr:
360 4069 441 4116 ueluti
476 4069 500 4116 si
534 4070 596 4130 quis
631 4076 717 4119 toturn

105 4154 223 4215 apulum
248 4153 375 4214 petierit,
406 4158 467 4212 post
493 4153 591 4201 deinde
614 4155 717 4215 prolati

105 4237 211 4299 suerint
228 4237 361 4298 codicilli,
380 4236 480 4298 quibus
497 4243 622 4299 arripare
636 4239 718 4301 lepati

104 4322 232 4384 adernpta
248 4323 285 4370 ait
301 4328 350 4370 aut
370 4321 534 4383 quibusdam
553 4322 617 4370 aliis
630 4324 718 4385 ieqata

105 4407 170 4455 data
202 4408 271 4470 sint,
304 4421 373 4469 quae
399 4406 568 4469 efficiebant,
601 4413 631 4455 ut
655 4409 717 4470 picis

103 4480 202 4553 petisse
224 4492 364 4540 uideretur
378 4493 480 4552 petitor
497 4506 581 4553 quarn
598 4493 717 4542 dodran-

106 4581 173 4638 tent,
204 4582 287 4638 atque
312 4576 372 4624 ideo
399 4576 454 4637 leqc
480 4576 603 4624 Falcidia
629 4577 719 4638 leqata

104 4660 307 4710 minuebantur.

138 4747 168 4794 in
184 4746 289 4794 aridiore
307 4745 407 4806 fraude
423 4746 564 4794 conuictos.
582 4746 620 4793 ita
637 4746 717 4794 etiam

106 4829 154 4879 Tit.
173 4828 202 4879 9:
221 4831 352 4878 conuictos
370 4831 400 4878 in
419 4830 717 4893 affectationeintperii.

767 1359 809 1410 Sic
827 1362 880 1410 iam
898 1360 949 1411 (tie.
968 1377 1013 1424 pro
1031 1360 1106 1411 Sulla
1118 1359 1164 1410 83:
1182 1375 1245 1409 cunt
1256 1360 1379 1422 quotiens

766 1448 883 1509 quisquc
914 1452 953 1495 est
979 1449 1010 1495 in
1036 1447 1084 1495 hoc
1108 1447 1205 1496 scelere
1230 1447 1380 1506 conuictus,

766 1531 798 1579 cf.
816 1530 875 1579 Tne.
894 1530 961 1579 Ann.
980 1530 1025 1579 XV
1044 1530 1090 1579 it:
1108 1532 1138 1579 in
1155 1531 1271 1579 crinrine
1284 1529 1380 1587 ctcdio

766 1615 878 1663 conuicti
896 1621 966 1663 aunt.

799 1699 833 1748 In
849 1700 1036 1761 cognoscendo.
1055 1698 1199 1749 Suetonius
1216 1700 1270 1748 iam
1286 1699 1382 1748 transit
1437 1732 1441 1737 -

766 1783 798 1832 ad
816 1782 920 1833 Claudii
938 1784 1114 1847 cognitioneS,
1132 1784 1178 1847 qui
1196 1785 1278 1832 etiam
1295 1782 1381 1831 consi-

766 1868 832 1916 lium
851 1868 987 1931 principis,
1011 1868 1081 1931 quod
1102 1873 1242 1931 postquam
1261 1866 1382 1916 Tiberius

766 1955 793 2002 in
828 1955 944 2003 insulam
969 1954 1077 2003 secessit
1103 1952 1240 2003 convocari
1268 1952 1382 2000 desierat

766 2039 910 2100 revocavit,
928 2039 961 2088 cf.
980 2039 1027 2087 Dio
1044 2036 1089 2100 60,
1109 2037 1132 2087 4.
1150 2036 1173 2086 3.

800 2122 1381 2185 circumsonatus-amentiqueaintiliamo-

768 2223 795 2256 re
819 2224 866 2257 suo
888 2206 1032 2257 Suetonius
1051 2207 1130 2256 huius
1147 2207 1230 2256 animi
1247 2205 1383 2255 sanctatis

767 2294 888 2356 exempla
913 2293 1004 2341 statim
1031 2293 1120 2340 allent:
1155 2292 1216 2340 inde
1241 2306 1257 2340 a
1283 2291 1382 2355 verbiS,

767 2392 828 2426 cuni
860 2378 984 2426 decurias
1010 2402 1042 2410 -
1069 2377 1171 2425 indicto
1204 2377 1383 2425 matrimonio

766 2463 872 2511 triceni-s
898 2461 1019 2523 exempla
1044 2466 1107 2509 sunt
1133 2461 1297 2523 sagacitatis,
1323 2465 1382 2508 tum

768 2562 853 2610 usque
870 2562 900 2596 ac
913 2547 1051 2610 flagitarit
1064 2546 1258 2608 imprudentiae
1271 2552 1298 2595 et
1307 2546 1382 2594 festi-

768 2632 894 2691 nationis,
918 2635 1009 2692 postea
1032 2645 1093 2678 vero
1115 2630 1245 2679 stultitiae
1263 2631 1383 2693 exempla

768 2718 852 2765 atlert.

801 2801 933 2849 decurias.
952 2800 1148 2862 intelleguntur
1166 2793 1287 2862 quinque
1301 2800 1382 2848 decu-

768 2885 821 2933 riae
856 2885 954 2933 Romae
983 2885 1111 2948 legitume
1137 2885 1313 2933 iudicantium
1341 2883 1384 2945 (ut

767 2970 935 3032 appellantur
952 2967 979 3016 G.
999 2969 1016 3018 Ι.
1035 2969 1062 3017 L.
1081 2970 1103 3017 ll
1122 2967 1208 3027 4933).
1226 2968 1290 3017 Tres
1303 2969 1384 3018 decu-

768 3056 821 3103 riae
840 3059 917 3102 erant
935 3054 1056 3117 equitum
1076 3055 1269 3117 Romanorum,
1287 3059 1384 3117 quanta

768 3137 812 3198 (ab
837 3137 956 3200 Augusto
981 3138 1084 3200 addita,
1109 3139 1141 3188 cf.
1164 3136 1237 3187 Suet.
1255 3138 1320 3201 Aug.
1339 3135 1384 3198 32)

768 3229 795 3271 et
819 3223 914 3285 quinta
937 3221 964 3282 (a
988 3220 1052 3271 Gaio
1076 3221 1188 3271 Caesare
1212 3223 1328 3285 adiecta,
1352 3223 1384 3272 cf.

769 3308 841 3355 Suet.
869 3306 924 3355 Gai.
951 3305 996 3366 16,
1024 3307 1089 3355 Plin.
1113 3307 1144 3356 H.
1167 3307 1197 3355 N.
1217 3305 1263 3369 33,
1287 3306 1316 3370 2,
1340 3305 1384 3369 33)

769 3393 972 3441 ducenariorum
996 3389 1041 3451 (ea
1058 3392 1193 3453 inferiore
1214 3407 1295 3441 sensu
1312 3392 1384 3442 Suet.

769 3479 835 3540 Aug.
860 3475 911 3538 32).
940 3477 1040 3534 Quarta
1064 3482 1091 3525 et
1114 3478 1209 3540 quinta
1233 3477 1386 3526 iudicabant

770 3565 801 3611 de
820 3562 961 3611 levioribus
980 3563 1091 3611 summis
1110 3560 1153 3623 (cf.
1169 3549 1238 3625 nug.
1256 3562 1313 3625 32),
1331 3567 1385 3611 tres

770 3647 887 3710 reliquae
914 3645 946 3694 de
973 3645 1052 3694 rebus
1078 3647 1187 3708 privatis
1213 3646 1384 3711 publicisque.

770 3732 809 3781 Cf.
836 3731 901 3780 Plin.
929 3730 958 3778 H.
984 3731 1014 3779 N.
1039 3729 1085 3793 99,
1110 3729 1139 3793 i,
1164 3729 1204 3779 ta.
1239 3731 1385 3781 Mommsen

770 3816 831 3866 siti.
850 3816 886 3864 111
904 3815 953 3863 535
971 3831 1029 3878 sqq.

804 3917 898 3951 rerunt
915 3907 977 3949 actii.
994 3902 1010 3950 i.
1029 3917 1051 3951 e.
1070 3902 1172 3950 indiciis
1192 3903 1333 3965 habendiS,
1353 3903 1384 3952 cf.

771 3988 837 4050 Aug.
859 3986 905 4035 32:
930 3993 954 4035 et
971 3993 1002 4034 ut
1020 3988 1115 4035 solitae
1132 3990 1180 4049 api
1197 3987 1343 4036 Nouembri
1361 3995 1386 4037 ct

770 4072 909 4120 Decembri
922 4085 1014 4120 iriense
1029 4086 1071 4119 res
1083 4070 1294 4120 omitterentur!
1310 4072 1384 4121 ibic:

773 4158 888 4218 triginta
913 4156 1032 4216 amplius
1058 4155 1116 4203 dies
1140 4181 1172 4189 -
1194 4157 1267 4204 artui
1293 4171 1386 4205 rerunt

771 4241 960 4291 accomodavit.
1002 4240 1111 4289 Dativus
1143 4247 1205 4289 actu
1237 4256 1283 4303 pro
1312 4243 1386 4290 actui

772 4327 841 4389 apud
859 4326 1017 4375 Suetonium
1033 4326 1081 4374 hoc
1093 4331 1200 4374 tantum
1215 4328 1269 4376 loco
1281 4325 1386 4388 legitur.

805 4415 971 4471 enpccnpcret
988 4409 1005 4456 i.
1022 4423 1042 4456 e.
1063 4415 1224 4470 recenseret,
1243 4424 1305 4458 nam
1319 4425 1385 4473 quo-

772 4495 861 4543 tannis
888 4493 1006 4556 princeps
1033 4492 1124 4541 album
1152 4494 1271 4542 iudicum
1297 4509 1386 4557 recog-

772 4578 896 4628 noscebat
928 4575 1012 4638 (Suet.
1039 4577 1105 4639 Aug
1132 4577 1177 4627 ⁸27:
1212 4579 1338 4628 decurias
1354 4604 1387 4611 -

772 4660 949 4724 recognovit),
973 4666 1000 4710 et
1023 4662 1131 4711 nomina
1156 4668 1321 4712 mortuorum
1346 4664 1387 4710 vet

772 4760 880 4807 eorum,
899 4746 944 4806 qui
963 4745 1129 4794 vacationem
1148 4747 1219 4796 nacti
1238 4752 1327 4809 erant,
1347 4748 1387 4794 vel

773 4831 853 4878 etiam
889 4845 917 4879 se
951 4831 1074 4893 indignos
1108 4831 1243 4881 iudicandi
1277 4847 1388 4880 munere

1254 4922 1288 4975 5}
