3322 5512
716 347 771 406 101

100 533 275 606 Fucinum
310 534 424 606 lacum
458 532 700 606 naumachiam
726 545 807 605 ante
833 531 1012 605 commisit.
1046 531 1116 606 Sed
1142 555 1219 604 cum
1245 532 1378 627 procla·
1472 531 1510 606 O.
1538 535 1594 605 21.

100 658 276 732 mantibus
304 657 591 732 naumachiariis:
625 660 700 730 Ace
726 660 930 750 icrrpcrctor,
965 660 1127 730 morituri
1152 665 1183 730 te
1203 658 1380 730 salutant!

145 847 207 906 Tac.
229 848 308 907 Αιιιι.
332 847 400 906 XII
418 849 467 906 56.
510 846 571 907 Sub
592 845 672 906 idem
692 850 812 922 tempus
832 844 911 904 inter
930 845 1031 904 lacum
1045 844 1190 904 Fucinum
1203 862 1381 922 amnemque

101 953 196 1012 Lirim
226 961 369 1032 perrupto
399 959 516 1028 monte,
548 972 608 1030 quo
638 952 861 1028 magnificentia
886 952 985 1029 operis
1011 972 1029 1011 a
1055 952 1192 1029 pluribus
1219 952 1381 1026 viseretur,

101 1061 170 1120 lacu
201 1060 232 1119 in
262 1062 329 1138 ipso
359 1062 464 1120 navale
492 1060 638 1137 proelium
665 1060 840 1133 adornatur,
868 1064 902 1118 ut
922 1060 1072 1136 quondam
1092 1061 1248 1135 Augustus
1269 1063 1382 1118 structo

102 1172 183 1226 trans
215 1167 344 1228 Tiberim
376 1173 495 1244 stagno,
529 1167 582 1227 sed
612 1167 730 1227 levibus
761 1166 888 1243 navigiis
919 1173 950 1226 et
980 1166 1093 1225 minore
1124 1166 1208 1242 copia
1238 1165 1381 1225 ediderat.

102 1273 245 1333 Claudius
266 1274 404 1334 triremes
426 1273 691 1351 quadriremesque
712 1279 743 1333 et
763 1273 950 1350 undeviginti
971 1273 1124 1332 hominum
1145 1272 1227 1332 milia
1240 1272 1380 1344 armavit,

102 1380 200 1439 cincto
221 1381 335 1441 ratibus
356 1381 486 1453 ambitu,
508 1399 547 1439 ne
569 1360 643 1456 uaga
663 1379 774 1456 effugia
787 1380 897 1454 forent,
917 1400 953 1440 ac
966 1386 1066 1439 tamen
1080 1378 1208 1457 spatium
1223 1380 1381 1456 amplexus

101 1489 138 1546 ad
165 1490 227 1548 vim
254 1489 387 1565 remigii,
415 1489 646 1566 gubernantium
673 1493 768 1562 arten,
794 1489 926 1565 impetus
954 1488 1073 1546 navium
1101 1493 1132 1547 et
1152 1487 1263 1564 proelio
1285 1486 1380 1545 solita.

101 1595 135 1653 ln
164 1596 279 1655 ratibus
300 1597 516 1673 praetoriarum
537 1596 702 1656 cohortium
724 1595 868 1672 manipuli
890 1602 1065 1671 turmaeque
1086 1593 1277 1663 adstiterunt,
1299 1599 1380 1653 ante-

101 1702 207 1778 positis
227 1703 475 1780 propugnaculis,
496 1722 535 1763 ex
556 1703 625 1780 quis
642 1703 809 1779 catapultae
823 1702 1018 1778 ballistaeque
1031 1701 1233 1760 tenderentur.
1253 1701 1382 1777 Reliqua

100 1808 184 1868 lacus
215 1810 360 1869 classiarii
391 1811 480 1870 tectis
510 1811 637 1869 navibus
668 1810 848 1895 obtinebant.
870 1844 911 1852 -
931 1809 1001 1885 Ipse
1032 1808 1143 1884 insigni
1170 1809 1380 1885 paludamento

101 1933 198 1992 neque
226 1918 331 1992 procul
357 1903 523 1994 Agrippina
550 1918 709 1992 chlamyde
736 1923 839 1976 aurata
858 1917 1043 1993 praesedere.
1065 1917 1250 1991 Pugnatum,
1278 1934 1380 1992 quam-

101 2040 190 2098 quam
217 2023 296 2083 inter
324 2029 439 2098 sontes,
466 2024 588 2083 fortium
616 2025 747 2082 virorum
775 2024 889 2102 anim03
917 2043 952 2083 ac
978 2028 1046 2100 post
1073 2023 1199 2082 multum
1223 2023 1380 2081 vulnerum

101 2129 248 2190 occidioni
269 2132 402 2208 exempti
425 2137 504 2191 sunt.

140 2237 201 2296 Dc'o
224 2241 279 2313 60,
302 2241 365 2313 33,
386 2242 416 2299 3.
458 2237 487 2302 ἔν
519 2263 574 2303 τινι
607 2239 638 2302 δέ
671 2239 761 2319 λίμνη
786 2238 967 2318 ναυμαχίαν
991 2239 1004 2302 ὁ
1029 2238 1177 2308 Κλαύδιος
1200 2234 1380 2315 ἐπεθύμησε

103 2352 242 2417 ποιῆσαι,
273 2342 379 2424 τεῖχός
411 2369 445 2408 τε
477 2344 544 2425 περὶ
574 2346 670 2419 αὐτην
701 2346 818 2428 ξύλινον
850 2346 1057 2410 κατεσκεύασε
1089 2345 1141 2408 καὶ
1165 2344 1242 2425 ἰκρία
1267 2345 1378 2426 ἔπηξε,

103 2449 225 2524 πληθύς
257 2476 290 2515 τε
322 2450 532 2532 ἀναρίθμητον
565 2450 694 2531 ἤθροισε.
727 2453 779 2516 καὶ
811 2454 836 2517 οἱ
866 2454 922 2530 μέν
946 2452 1037 2517 ἄλλοι
1061 2452 1098 2524 cir
1123 2477 1180 2516 που
1204 2452 1254 2515 καὶ
1279 2451 1379 2534 ἔδοξεν

101 2560 221 2632 αὐτοῖς,
255 2559 267 2623 ὁ
300 2559 331 2622 δέ
365 2559 399 2632 δη
431 2559 580 2630 Κλαύδιος
612 2555 630 2623 ύ
656 2584 691 2623 τε
721 2559 822 2640 Νέρων
847 2566 1064 2641 στρατιωτικῶς
1087 2559 1279 2634 ε’στύλησοιν,
1305 2556 1322 2633 η’
1345 2584 1378 2623 τε

102 2668 295 2746 Ἀγριππῖνα
327 2667 471 2746 χλαμύδι
495 2667 649 2747 διαχρύσῳ
674 2665 842 2744 ἐκοσμήθη.
875 2669 899 2731 οἱ
922 2669 954 2731 δὲ
978 2669 1012 2741 δη
1037 2669 1292 2748 ναυμαχήσοντες
1316 2665 1378 2732 θα-

102 2772 180 2852 νύτῳ
213 2799 246 2838 τε
270 2773 565 2852 καταδεδικασμένοι
589 2770 664 2847 ἦσαν
688 2774 740 2838 καὶ
765 2776 954 2848 πεντήκοντα
978 2782 1050 2848 ναῦς
1072 2775 1206 2854 ἓκοέτεροι
1230 2769 1331 2854 εἶχον,
1356 2775 1380 2838 οἱ

102 2881 156 2957 μὲν
181 2880 281 2944 Ῥόδιοι
305 2880 330 2944 οἱ
353 2880 385 2945 δὲ
409 2880 529 2944 Σικελοὶ
554 2879 787 2958 ὀνομασθέντες.
813 2882 865 2946 καὶ
889 2881 922 2946 τὸ
946 2883 1002 2959 μὲν
1020 2883 1134 2963 πρῶτον
1151 2880 1379 2962 συστραφέντες

101 2985 152 3050 καὶ
176 2985 250 3051 καθ’
274 2979 304 3050 έν
329 2986 483 3064 γενόμενοι
507 2988 656 3053 Κλαύδιον
681 2983 750 3066 ἅμα
775 2988 1020 3070 προσηγόρευσαν
1044 2987 1135 3054 ούτιο“
1152 2995 1262 3068 χαῖρε,
1287 2991 1377 3052 αύτο-

101 3094 208 3175 κρύτορ
234 3118 241 3133 ·
267 3096 291 3159 οἱ
321 3095 527 3171 ύπολούμενοέ
559 3120 592 3159 σε
618 3093 832 3180 ἀσπαζόμεθα
857 3098 885 3160 .”
914 3097 981 3160 ἐπεὶ
1005 3096 1037 3159 δὲ
1061 3097 1142 3160 οὐδὲν
1168 3098 1304 3176 σωτήριον
1329 3094 1376 3159 εύ-

102 3225 201 3280 ροντο,
237 3201 324 3265 ιὶλλοὶ
359 3210 533 3282 ναυμαχεῖν
568 3200 618 3267 καὶ
654 3196 691 3274 ὣς
726 3202 971 3276 ἐκελεύσθησαν,
1011 3202 1164 3273 διέκπλοις
1198 3188 1232 3266 τε
1268 3202 1380 3274 ύπλοῖς

101 3310 270 3390 ἐχρήσαντο
284 3311 335 3374 καὶ
346 3308 457 3399 Ιη’κιστα
472 3311 616 3387 ιὶλληλιον
630 3307 761 3391 η’ψαντο,
781 3309 894 3390 μέχρις
907 3307 939 3375 ού
951 3308 1003 3374 καὶ
1015 3310 1137 3390 cotyla
1151 3308 1377 3382 κατεκόπησαν.

140 3417 220 3476 Plio.
242 3418 280 3476 H.
301 3419 339 3477 N.
363 3420 421 3492 33,
446 3420 495 3478 63.
537 3420 733 3496 Agrippinam
755 3418 871 3478 Claudii
892 3418 1053 3495 principis,
1081 3418 1189 3478 edente
1209 3436 1244 3477 eo
1265 3416 1378 3475 navalis

101 3524 204 3599 proelii
227 3526 434 3602 spectaculum
454 3559 495 3567 —-
514 3525 649 3584 indutam
671 3526 888 3602 paludamento.

139 3631 226 3689 Mart.
250 3631 340 3707 Spart.
365 3634 422 3706 28,
445 3634 486 3691 11.
527 3633 657 3692 Fucinus
678 3639 709 3692 et
729 3633 786 3690 diri
807 3637 961 3692 taceantur
981 3636 1086 3708 stagna
1105 3630 1240 3690 Neronis¹

101 3844 202 3892 regum.
221 3833 269 3878 ant
281 3830 351 3879 ludis
364 3831 571 3893 triumphalibus
583 3845 606 3879 a.
620 3829 714 3891 tome
800 3833 1011 3881 muorachiarr'c'.
1038 3830 1235 3879 substantivum
1251 3830 1300 3878 hoc
1317 3835 1377 3878 tan-

101 3915 177 3963 cditis
202 3911 262 3974 (Dio
288 3913 332 3977 60,
358 3913 405 3978 13,
431 3914 472 3977 1),
499 3920 546 3964 aut
565 3916 634 3964 ludis
651 3920 713 3964 ante
767 3922 825 3965 tum
844 3918 914 3979 loco,
933 3916 1090 3965 adiectivum
1109 3915 1207 3978 legitur
1224 3915 1292 3977 apud
1311 3914 1376 3963 Plin.

101 3999 292 4063 expeditionem
318 4000 471 4050 Britanniae
497 4001 564 4050 votis
590 4016 713 4064 annoque
767 4002 797 4050 H.
807 4001 838 4049 N.
852 3999 959 4064 10100.
978 4000 1034 4049 100.
1054 3999 1204 4049 Secundum
1219 3999 1339 4048 Tacitum
1352 4005 1379 4049 et

102 4081 191 4148 708115
209 4084 307 4133 habitis
324 4083 383 4147 (Dio
401 4083 447 4148 00,
464 4085 509 4148 25,
528 4082 562 4148 7).
767 4087 877 4135 Dionem
904 4084 947 4147 (cf.
974 4083 1138 4146 testimonia)
1157 4088 1241 4132 morte
1260 4084 1378 4132 damnati

131 4171 323 4233 praeseditque
344 4171 499 4232 paludatus.
523 4171 645 4234 princeps
666 4187 712 4234 pa-
767 4171 890 4233 fuerunt‚
930 4185 1041 4219 numero
1074 4169 1238 4233 undeviginti
1273 4168 1376 4217 milium

4 4305 8 4312 ,
100 4256 253 4304 ludamento
275 4260 382 4304 tantum
406 4257 493 4305 utitur
516 4256 562 4305 ubi
584 4257 663 4304 ludus
680 4257 711 4304 ad
766 4254 850 4317 (Tac.)

101 4355 141 4389 res
163 4341 294 4390 militares
315 4339 712 4404 3111111111(Μοτηῐιιεοιι8111.13
799 4340 1018 4389 Aca—salutant.
1045 4354 1075 4387 ex
1101 4339 1141 4388 his
1165 4337 1250 4386 verbis
1273 4337 1379 4400 collegit

100 4423 149 4475 130
166 4425 185 4474 Α
205 4425 219 4474 1
240 4442 269 4469 =
288 4423 397 4487 11115).
432 4426 475 4476 Sic
492 4425 618 4476 Claudius
636 4428 712 4490 palu·
765 4425 936 4474 Friedldnder
958 4425 1027 4487 apud
1050 4423 1133 4486 Marq.
1151 4422 1210 4472 stu.
1229 4418 1277 4471 111²
1295 4420 1374 4484 11501

100 4511 178 4560 datus
210 4512 340 4575 praesedit
372 4513 477 4561 muneri
503 4513 658 4576 gladiatorio
684 4513 712 4561 in
765 4508 1010 4572 Ailgladiatores,
1035 4523 1096 4556 curn
1118 4507 1146 4555 in
1164 4522 1259 4570 pompa
1276 4507 1377 4570 gladia-

100 4598 192 4646 castris
217 4597 353 4660 praetoriis
378 4598 439 4646 dato
462 4595 521 4658 (Dio
547 4597 592 4660 00,
615 4596 661 4661 17,
684 4595 712 4659 9)
765 4596 832 4644 toria
864 4595 992 4643 editorem
1024 4595 1174 4642 salutarent
1204 4594 1297 4642 eadem
1329 4593 1378 4641 hac

100 4687 127 4731 et
143 4682 318 4731 naumachiae
336 4683 364 4731 in
380 4684 439 4731 lacu
459 4684 563 4732 Fucino.
765 4679 954 4729 acclamatione
972 4693 1033 4728 usos
1051 4693 1114 4727 esse.
1139 4678 1234 4739 Recte,
1255 4681 1285 4726 ut
1305 4677 1377 4725 vidc-

132 4768 282 4816 errciasurus
299 4767 443 4816 Κααὶιιιιιιι.
463 4783 485 4818 a.
504 4765 609 4830 805151,
628 4768 660 4817 of.
679 4768 710 4815 ad
765 4771 823 4828 tur,
849 4764 928 4813 verba
950 4764 1021 4813 enim
1046 4762 1135 4811 Dionis
1155 4764 1171 4811 l.
1191 4764 1207 4810 l.
1225 4755 1378 4824 τὸπρῶτον

100 4867 120 4900 c.
138 4850 265 4913 101191.
765 4844 956 4914 συστραφέντες
974 4846 1019 4896 καὶ
1037 4843 1102 4896 καθ’
1121 4844 1149 4895 ἓν
1165 4844 1298 4911 γενόμενοι
1316 4846 1377 4895 imi-
