3322 5512
925 351 964 419 98

207 602 214 617 .
305 540 420 619 lusum
454 540 610 620 exhibuit
635 556 670 619 et
694 543 899 639 Africanas,
934 546 1136 621 conficiente
1161 557 1276 622 turma
1304 544 1459 644 equitum
1484 570 1588 646 prae·

304 670 533 764 torianorum,
583 671 731 745 ducibus
777 672 925 745 tribunis
971 672 1116 770 ipsoque
1163 677 1356 770 praefecto,
1403 683 1589 771 praeterea

304 795 499 869 Thessalos
536 796 688 891 equites,
726 796 785 891 qui
824 799 917 869 feros
953 806 1073 870 tauros
1110 821 1173 894 per
1210 799 1326 895 spatia
1360 799 1441 871 circi
1475 810 1589 894 agunt

303 920 528 1015 insiliuntque
553 921 712 994 defessos
737 930 772 994 et
797 921 842 994 ad
868 931 996 995 terram
1023 923 1186 996 cornibus
1212 923 1409 997 detrahunt.

352 1045 572 1119 Gladiatoria
615 1069 760 1118 munera
807 1046 1022 1142 plurifariam
1070 1072 1111 1121 ac
1155 1048 1362 1146 multiplicia
1408 1049 1587 1123 exhibuit:

303 1170 580 1244 anniversarium
615 1170 800 1245 incastris
826 1172 1056 1267 praetorianis
1081 1173 1156 1246 sine
1183 1174 1367 1247 venatione
1395 1183 1587 1269 apparatu-

341 1394 402 1453 Dio
425 1397 479 1469 60,
503 1398 534 1469 7,
557 1396 587 1454 3.
629 1395 659 1456 ἕν
695 1394 727 1457 δὲ
761 1395 802 1474 τῷ
836 1393 1014 1474 ἱπποδρόμῳ
1049 1393 1185 1471 κοίμκλοί
1217 1419 1252 1458 σε
1286 1388 1377 1477 ἑίσιιξ
1410 1395 1462 1459 καί
1494 1391 1583 1460 ίτισοι

301 1500 464 1570 δωδεκάκις
498 1499 701 1576 ἦνωνίσιιντο,
743 1499 846 1579 ύρκτοι
883 1526 918 1565 τε
952 1500 1118 1580 τριακόσιαι
1152 1501 1205 1564 καί
1242 1500 1366 1580 Λιβυκοὶ
1403 1500 1496 1583 θηρίον
1533 1502 1584 1567 ίσοι

301 1611 410 1681 αὐταῖς
433 1607 570 1690 ἕσφοίνη.

340 1715 999 1791 Dt060,13,1=20a.X19p.463.
1042 1711 1138 1778 ἐτίθει
1166 1715 1222 1790 μὲν
1254 1708 1301 1777 οὖν
1334 1720 1469 1796 συνεχῶς
1493 1740 1583 1792 μονο-

300 1822 425 1903 μοιχίοις
448 1823 571 1898 cybrae
597 1845 603 1858 ·
629 1821 711 1885 τοίνν
735 1819 796 1900 κύρ
821 1826 924 1901 σφισιν
949 1818 1089 1900 ἔχαιρεν,
1113 1818 1190 1884 dore
1212 1818 1390 1896 κοιίοιίτίοιν
1414 1823 1467 1887 ἐστὶ
1487 1824 1582 1903 τούτῳ

300 1939 396 2010 σχεῖν.
428 1929 612 1993 οίσιίλλννσο
643 1928 675 1991 δὲ
709 1925 800 2007 Sapie
825 1927 881 2005 μὲν
905 1926 1064 2007 ἐλοίχιστοι
1088 1925 1243 2008 ίινὸρωσοι
1268 1928 1300 1990 δὲ
1325 1928 1452 2003 πολλοί,
1477 1929 1504 1993 οἱ
1524 1930 1582 2009 μὲν

298 2038 448 2110 ἀλλήλοις
471 2036 646 2116 μαχόμενοι
670 2035 694 2099 οἱ
717 2036 749 2098 δὲ
773 2034 825 2098 καί
848 2037 900 2099 ὑπ’
925 2034 1039 2099 ἐκείνων
1064 2036 1274 2112 ἀναλούμενον.

339 2145 399 2204 Dio
422 2146 547 2219 60,17,
569 2143 646 2220 ομ.
671 2142 803 2220 796143).
845 2141 937 2212 αὐτὸς
969 2143 1025 2219 μὲν
1050 2137 1097 2205 οὖν
1122 2140 1326 2223 ὁπλομαχίας
1350 2144 1459 2219 ducive
1484 2147 1514 2208 ἐν
1539 2147 1581 2225 τῷ

299 2250 509 2332 στρατοπέδῳ,
534 2250 689 2330 χλαμύδα
714 2249 817 2322 ἐνδύς,
841 2246 946 2322 ἔθηκε.

296 2501 434 2560 praeterea
451 2511 473 2545 a.
491 2493 582 2559 Soollt
600 2495 695 2558 edidit,
713 2495 745 2544 cf.
763 2495 822 2544 Tac.
841 2495 908 2544 dnn.
962 2490 1043 2558 χορὸς
1066 2492 1173 2559 ἀνδρῶν
1196 2491 1295 2560 Χεραὶν
1312 2491 1465 2558 ἀτενχήτοις
1481 2492 1582 2560 ύηρσίν

296 2581 345 2645 Xl,
370 2580 410 2629 11.
436 2580 509 2630 Suet.
533 2579 593 2629 Ner.
613 2580 635 2628 7.
661 2581 700 2629 De
724 2582 779 2643 ipso
796 2581 859 2629 ludo
876 2581 909 2630 cf.

296 2666 467 2715 Friedl'ander
479 2666 547 2728 apud
558 2665 641 2729 Marq.
651 2665 710 2715 StV.
722 2662 768 2714 lll²
778 2664 827 2713 525
836 2680 909 2729 sqq,

296 2752 323 2800 F.
347 2750 446 2814 Rascb,
470 2751 502 2799 de
521 2750 593 2799 Ludo
610 2751 702 2799 Troiae
720 2751 908 2798 commentatio

296 2835 454 2898 philologica
471 2833 584 2898 (Progr.)
601 2835 666 2883 lena
683 2833 756 2883 1882.

330 2926 422 2968 οιιννιια
445 2921 568 2981 equitum
590 2922 838 2982 praetorianorum.
864 2936 907 2969 co-

296 3005 385 3054 hortes
416 3005 561 3067 praetoriae
592 3005 727 3067 equitatae
753 3010 843 3067 erant,
875 3006 907 3055 ef.

295 3087 377 3151 Marq.
395 3087 454 3137 StV.
473 3085 509 3137 11²
527 3103 549 3150 p.
567 3088 624 3138 477.
643 3088 665 3138 7.
684 3087 708 3138 8.

328 3174 387 3234 ipso
402 3172 549 3234 praesecto.
573 3174 660 3222 nescio
684 3189 717 3223 an
735 3189 767 3223 ex
786 3176 907 3224 hocloco

294 3259 416 3322 colligere
439 3259 530 3322 liceat,
555 3273 577 3308 a.
596 3254 700 3321 791111,
724 3274 786 3308 cum
804 3260 861 3308 ludi
880 3260 907 3307 hi

294 3344 359 3392 editi
383 3349 458 3406 sunt,
482 3344 607 3392 Rufrium
632 3343 793 3408 Pollionem,
825 3359 907 3406 quem

293 3426 420 3476 Claudius
453 3428 544 3476 statim
579 3428 742 3489 praefectum
778 3429 906 3490 praetorio

293 3512 411 3575 fecisset,
429 3512 461 3560 cf.
479 3511 582 3573 loseph.
600 3511 660 3559 Ant.
679 3511 735 3560 Iud.
753 3511 813 3560 XIX
831 3511 859 3575 1,
876 3511 905 3575 5,

292 3595 341 3645 267
364 3591 421 3644 κατ’
441 3590 575 3648 ἐπιστολὰς
595 3590 749 3649 Πολλίωνος
767 3593 797 3643 ὃν
813 3601 905 3659 μικρῷ

291 3678 420 3744 πρότερον
436 3676 569 3732 Κλαύδιος
591 3676 734 3744 στρατηγὸν
750 3679 835 3743 ᾕρητο
853 3683 906 3728 τῶν

292 3760 534 3829 σωματοφυλάκων
563 3765 681 3814 nondum
705 3767 833 3829 collegam
857 3767 905 3814 ha-

291 3851 388 3901 buisse.

329 3935 466 3984 Thessalos
488 3935 598 3997 equites¹
625 3935 657 3983 ci.
681 3935 747 3983 Plin.
771 3934 802 3983 H.
825 3934 859 3983 N.
874 3933 904 3998 8,

289 4019 352 4068 l82:
383 4020 570 4068 Thessalorum
595 4021 684 4080 penus
707 4020 849 4068 inuentum
866 4025 906 4068 est

289 4119 357 4166 equo
374 4105 454 4153 ιἰιοοία
471 4103 689 4166 qreudru'peduute
705 4118 789 4152 coruu
801 4105 904 4152 intorte

289 4190 389 4238 ceruice
416 4196 507 4237 taetros
523 4203 627 4238 necare.
657 4189 765 4251 primus
783 4189 813 4237 iol
829 4203 903 4251 spec-

291 4275 411 4323 taculum
434 4274 509 4322 dedit
531 4273 634 4322 Romae
658 4273 758 4322 Caesar
778 4275 903 4323 dictator.

289 4359 337 4407 Dio
362 4356 408 4422 61,
434 4358 463 4422 9,
489 4359 517 4408 1;
549 4353 577 4406 ἒν
603 4353 633 4407 δέ
657 4374 705 4405 τινι
732 4353 783 4420 θέᾳ
809 4353 903 4420 ἄνδρες

963 2576 1148 2643 ὁπλίζομενος,
1171 2578 1351 2645 Δενδροτιιιτεῖ
1367 2576 1475 2633 πώλους
1493 2577 1581 2639 ζεύξει

963 2662 1120 2730 σκιρτήματι
1138 2663 1259 2730 ταύρων,
1274 2662 1444 2731 Ἀμφιβαλεῖν
1455 2662 1582 2714 σπεύδων

962 2745 1063 2814 πλέγμα
1079 2748 1254 2812 μετωπίόιον,
1268 2747 1423 2815 Ἀκρότατον
1441 2746 1466 2800 δ’
1486 2747 1514 2805 ἒς
1530 2755 1581 2815 γῆν

962 2831 1053 2889 κλίνας
1070 2832 1125 2898 ἅμα
1143 2831 1167 2883 κ’
1187 2832 1301 2899 εύροττον
1318 2833 1409 2900 ἅμμα,
1429 2831 1519 2899 Θηρός
1531 2831 1580 2902 τὴν

961 2917 1057 2983 τόσσην
1074 2916 1224 2978 ε’ξεκύλισσε
1240 2918 1309 2985 βίαν.

995 3004 1034 3053 Ad
1060 3006 1108 3053 bos
1137 3006 1213 3054 ludos
1241 3004 1339 3055 Graece
1367 3002 1579 3070 ταυροκαύύψια

961 3089 1044 3139 dictos
1066 3087 1182 3152 (equites
1204 3087 1423 3154 ταοροκαύάιτται
1447 3091 1579 3140 nominati

961 3175 1049 3237 sunt),
1075 3190 1142 3238 quos
1159 3190 1174 3224 a
1192 3169 1300 3225 Caesare
1319 3176 1446 3225 dictatore
1463 3175 1578 3238 Romam

961 3261 1104 3308 translatos
1127 3275 1174 3322 per
1196 3260 1328 3310 Romanos
1352 3261 1384 3309 ad
1402 3260 1482 3309 urbes
1499 3260 1578 3309 Asiae

962 3344 1109 3406 pervenisse
1133 3344 1208 3393 docet
1232 3345 1410 3408 Waddington
1438 3344 1470 3392 ad
1493 3343 1578 3394 Lebas

961 3444 986 3477 n.
1005 3427 1067 3492 199,
1085 3434 1187 3491 spectat
1207 3444 1335 3478 nummus
1352 3430 1488 3478 Pheraeus
1505 3430 1576 3492 apud

961 3513 1046 3576 Head,
1071 3514 1135 3562 Hist.
1161 3513 1269 3563 Numm.
1288 3529 1312 3576 p.
1330 3513 1395 3577 160,
1419 3515 1447 3562 in
1465 3529 1519 3577 quo
1537 3515 1578 3563 vir

960 3603 1036 3647 tauro
1065 3598 1222 3647 incumbens
1252 3598 1423 3662 apprehensis
1451 3599 1577 3648 cornibus

959 3697 1022 3731 eum
1049 3688 1213 3745 prosternere
1238 3683 1347 3746 nititur,
1375 3685 1422 3747 qui
1448 3685 1487 3732 vir
1514 3686 1576 3747 qui-

960 3768 1019 3817 dem
1046 3769 1124 3830 pedes
1146 3772 1199 3831 est,
1225 3769 1271 3816 sed
1299 3769 1326 3817 in
1353 3783 1444 3818 aversa
1468 3769 1576 3818 nummi

959 3867 1045 3915 equus
1068 3852 1156 3900 nudus
1179 3852 1241 3901 loris
1258 3853 1452 3902 fluctuantibus
1470 3859 1573 3917 exstat,

959 3937 1036 3999 quasi
1053 3937 1130 3986 rnodo
1149 3936 1298 3986 desiluisset
1308 3942 1400 3987 rector.
1418 3937 1457 3986 Gi.
1469 3943 1575 4000 praeter

960 4021 1195 4084 Waddingtonium
1213 4023 1261 4070 ll.
1280 4022 1452 4071 Friedl'ander
1468 4021 1519 4072 SG.
1538 4020 1575 4071 11⁵

957 4104 1014 4155 363.
1033 4106 1219 4169 Dittenberger
1235 4106 1267 4154 ad
1286 4105 1312 4155 G.
1331 4107 1350 4155 l.
1360 4106 1414 4155 Att.
1426 4107 1460 4155 lll
1470 4105 1528 4156 111.
1538 4106 1572 4155 M.

958 4191 1061 4254 Meyer,
1095 4191 1215 4240 Archaol.
1250 4190 1338 4239 Jahrb.
1373 4190 1420 4239 Vll
1453 4189 1485 4238 7⁴2
1514 4205 1573 4254 sqq.

957 4274 985 4324 P.
1004 4274 1123 4338 Stengel,
1141 4275 1251 4324 Hermes
1269 4274 1341 4324 XXX
1358 4290 1382 4337 p.
1400 4273 1457 4324 342.

990 4361 1218 4408 anniuersarium.
1254 4360 1364 4408 minime
1389 4373 1496 4409 necesse
1518 4365 1573 4421 est,

289 4439 401 4506 ταύρους
418 4440 470 4492 ἀπὸ
482 4441 571 4491 ἵππων
583 4437 815 4505 συμπαραύέσντές
828 4458 902 4506 σφισι
957 4448 989 4491 ut
1012 4449 1137 4506 putemus
1161 4459 1259 4493 munus
1277 4445 1369 4493 datum
1388 4458 1445 4493 esse
1463 4458 1494 4493 eo
1515 4444 1572 4506 die,

288 4524 475 4592 κατέστρεφον.
499 4529 626 4578 Artemid.
652 4526 740 4577 Oneir.
763 4528 773 4576 l
795 4526 852 4590 8p.
869 4526 903 4576 15
957 4543 1010 4590 quo
1036 4527 1163 4578 Claudius
1189 4531 1308 4592 princeps
1337 4529 1423 4577 iactus
1448 4533 1518 4577 esset
1535 4525 1572 4588 (d.

288 4610 439 4675 (Hereher):
463 4610 568 4676 ταύροις
585 4638 619 4646 -
635 4607 806 4674 ἀγωνίζονται
824 4637 857 4645 -
874 4607 903 4659 ἐν
956 4612 989 4660 at
1012 4628 1045 4662 m.
1064 4614 1136 4675 lan,
1159 4615 1191 4663 ct'.
1209 4614 1242 4662 ad
1260 4628 1281 4662 c.
1299 4612 1330 4661 11
1350 4627 1374 4674 p.
1392 4609 1445 4673 54).
1472 4611 1573 4674 lmrno,

289 4694 409 4764 Λαρίσσῃ
441 4695 514 4746 πόλει
547 4701 593 4761 τῆς
628 4692 772 4750 Θεσσαλίας
798 4693 826 4744 οἱ
848 4699 902 4745 τῶν
956 4699 1100 4760 quominus
1123 4699 1155 4747 de
1179 4699 1224 4746 illo
1249 4698 1291 4746 die
1316 4697 1463 4760 cogitemus
1482 4696 1571 4759 prohi-

287 4780 486 4831 κατοικούντων
519 4779 703 4846 εὐγενέστατοι.
738 4782 818 4832 anth.
847 4782 901 4830 Pal.
956 4781 1344 4832 bemu1·verbisc.li:diem
1358 4778 1571 4843 ποιήσωσίν)-

288 4868 322 4918 ΙΧ
340 4868 403 4918 543:
424 4864 569 4932 Θεσσαλίης
587 4864 696 4923 εύιπκος
714 4864 901 4934 ὅτανρελάτης
955 4869 1039 4917 vetuit
1056 4869 1130 4918 inter
1147 4867 1229 4930 festos
1245 4867 1357 4930 referri.
