3322 5512
919 338 976 400 110

207 588 214 603 .
305 551 346 603 ac
372 525 422 603 sic
446 548 585 625 quoqne
610 523 914 625 reprehensionem
939 550 1083 616 verens,
1109 537 1144 603 et
1164 525 1318 627 Appium
1337 524 1490 604 Caecum
1508 548 1587 602 cen-

305 678 436 748 sorem,
462 654 601 750 generis
626 654 680 726 sui
706 663 963 750 proauotorcm,
989 655 1227 729 libertinorum
1252 657 1342 730 filios
1368 657 1402 729 in
1425 665 1587 728 senatum

305 780 470 875 allegisse
503 778 637 873 docuit,
671 779 832 874 ignarus,
865 780 1080 874 temporibus
1114 780 1220 877 Appii
1256 792 1291 855 et
1324 781 1490 877 deinceps
1524 780 1586 852 ali-

303 905 469 1001 quamdiu
502 905 682 978 libertinos
715 903 825 977 dictos
859 926 927 977 non
961 903 1074 999 ipsos,
1109 907 1167 1002 qui
1195 931 1302 980 manu
1329 907 1587 998 emitterentur,

337 1141 369 1174 oc
383 1128 421 1175 sic
438 1141 544 1189 qnoque
560 1125 798 1189 reprehensionem
814 1139 916 1176 verens.

303 1212 435 1260 intellexit
449 1212 521 1260 enim
536 1209 663 1260 Claudius
678 1210 845 1273 adoptionem
860 1209 915 1272 ple-

303 1311 368 1344 num
392 1297 434 1345 ius
455 1296 602 1345 nativitatis
620 1310 673 1344 non
690 1295 762 1344 dare.
788 1293 917 1343 Similiter

303 1379 404 1429 Gellius
428 1380 450 1429 V
473 1378 518 1443 19,
544 1378 573 1428 11
600 1394 653 1441 sq.:
679 1379 831 1427 Libertinos
853 1391 915 1426 cero

303 1465 337 1513 ab
354 1466 471 1527 inqenuo
487 1465 615 1526 adoptari
633 1462 746 1526 quidem
762 1463 823 1511 iure
838 1476 916 1524 posse

303 1550 442 1599 Masurius
458 1548 576 1599 Sabinas
586 1550 704 1611 scripsit.
722 1547 774 1597 Sed
786 1547 815 1594 id
828 1561 916 1609 neque

301 1635 427 1696 permitti
461 1635 540 1697 dicit,
580 1648 667 1696 neque
698 1633 915 1695 permittendum

302 1734 358 1768 esse
379 1733 513 1781 umquam
529 1725 621 1781 putot,
645 1723 676 1767 ut
694 1718 816 1766 homines
834 1716 914 1765 liber-

303 1806 355 1854 tini
386 1805 491 1853 ordinis
520 1819 571 1866 per
602 1804 758 1865 adoptiones
790 1804 820 1851 in
851 1804 915 1850 iura

303 1891 485 1951 inqenuorurn
510 1889 643 1938 invadant
666 1885 813 1950 (Karlowa,
839 1887 913 1936 Rom.

301 1973 485 2037 Rechtsgesch.
512 1973 536 2021 ll
563 1988 586 2035 p.
612 1970 663 2021 lio
688 1971 710 2020 A
733 1970 749 2019 1
773 1971 838 2020 haec
861 1985 913 2019 non

300 2060 386 2107 solum
410 2058 442 2106 de
460 2058 522 2120 ipsis
540 2057 686 2118 libertinis,
718 2057 763 2106 sed
781 2056 863 2105 etiam
881 2056 913 2104 de

302 2142 361 2191 siliis
384 2157 477 2191 eorum
500 2143 570 2191 dicta
586 2157 643 2190 esse
661 2145 751 2204 putat,
770 2156 813 2191 me
826 2140 913 2190 iudice

299 2228 342 2275 viu
360 2225 450 2289 recte).
467 2226 616 2275 Mommsen
633 2226 693 2276 StR.
712 2223 736 2274 1³
752 2224 802 2275 489
819 2226 840 2275 A
854 2225 912 2274 l:

300 2310 323 2361 {²
339 2311 397 2361 lor.

333 2395 474 2447 Claudium
497 2396 682 2446 libertinorum
707 2394 775 2444 filios
791 2396 819 2445 in
836 2409 914 2444 sena-

299 2486 358 2530 tum
382 2481 518 2530 admisisse
539 2479 679 2531 confirmat
695 2480 768 2531 Suet.
786 2481 848 2530 Ner.
864 2479 911 2528 15:

299 2568 328 2615 in
351 2567 457 2614 mitium
482 2566 672 2614 libertinorum
695 2564 765 2627 filios
788 2565 837 2613 dtu
856 2578 913 2614 non

298 2651 421 2710 odndsit,
441 2650 570 2699 admissis
585 2665 604 2698 ο
617 2649 760 2712 prioribus
775 2650 912 2712 principi-

300 2736 348 2784 bus
366 2734 394 2797 (i.
412 2751 433 2784 e.
452 2751 468 2784 a
485 2734 550 2784 Gaio
567 2740 595 2784 et
611 2733 736 2799 claudio,
759 2735 791 2783 de
808 2734 912 2784 Tiberio

299 2822 340 2869 vix
358 2819 493 2882 credibile)
511 2820 624 2869 bonores
640 2819 790 2882 ἀοηορουίι.

331 2905 454 2968 Appium
489 2903 604 2954 Caecum
637 2917 781 2955 censorem.
817 2908 911 2953 notum

297 2992 375 3040 illum
398 2990 511 3053 Appium
536 2988 679 3039 Claudium
696 2987 825 3052 Caecum,
848 3002 910 3038 cen-

297 3090 383 3125 sorem
407 3090 429 3124 a.
447 3072 570 3139 1411311,
592 3075 624 3123 de
642 3088 695 3137 quo
712 3073 745 3123 cf.
763 3072 911 3122 Mommsen

298 3160 372 3210 Rom.
389 3160 493 3208 Forsch.
510 3160 521 3207 l
540 3174 563 3222 p.
580 3156 721 3208 sol-343.

328 3250 519 3307 productorem
534 3243 641 3307 penoris
652 3244 703 3291 sui.
721 3247 796 3305 pater
807 3240 910 3293 Claudii

297 3329 398 3378 Drusus
421 3334 531 3391 paterno
554 3331 582 3376 et
605 3331 726 3376 materno
743 3340 839 3389 genere
857 3326 909 3374 ori·

296 3414 384 3477 ginem
403 3413 436 3462 ab
455 3413 520 3476 App.
543 3411 653 3461 Claudio
670 3410 752 3461 Caeco
770 3410 859 3474 duxit,
876 3411 909 3461 cf.

297 3497 370 3548 Suet.
396 3497 451 3546 Tib.
477 3495 506 3545 3:
532 3495 576 3544 En
603 3497 652 3546 boc
674 3497 759 3558 stirpe
786 3494 909 3544 Tiberius

298 3582 395 3632 Caesar
412 3597 497 3644 penus
516 3582 615 3644 trabit,
632 3587 658 3631 et
675 3582 788 3643 quidem
801 3587 909 3630 utinm-

295 3684 362 3730 que:
382 3674 532 3730 paternum
548 3682 566 3715 o
586 3666 692 3714 Tiberio
708 3665 826 3728 Nerone,
847 3680 908 3713 mo-

296 3759 405 3801 ternnm
430 3752 464 3801 ob
486 3750 576 3814 Appio
598 3751 730 3812 Pulchro,
757 3750 805 3812 qui
828 3749 908 3799 umbo

294 3836 381 3900 Appii
399 3836 477 3886 Caeci
494 3836 546 3899 filii
564 3835 683 3898 fneriint.

329 3921 521 3970 libertinorum
540 3919 609 3982 filios
626 3921 758 3983 ellepisse.
782 3920 815 3967 cf.
834 3919 907 3967 Diod.

293 4005 341 4053 XX
357 4003 404 4053 36:
422 3999 546 4070 κατέμιξε
564 4000 591 4066 (ὁ
601 4000 709 4058 Ἄππιος
721 3999 864 4066 Κλαύδιος)
878 3999 908 4051 δὲ

293 4085 339 4138 καὶ
356 4085 403 4154 τὴν
421 4086 580 4153 σύγκλητον,
604 4084 636 4138 οὐ
654 4083 715 4142 τοὺς
732 4084 844 4152 εὐγενεῖς
861 4083 907 4136 καὶ

292 4170 453 4238 προέχοντας
485 4179 538 4229 τοῖς
566 4169 699 4237 ἀξιώμασι
723 4168 908 4237 προσγράφων

292 4257 404 4321 μόνους,
431 4254 469 4313 ὡς
492 4255 525 4323 ἦν
548 4255 625 4317 ἔθος,
648 4252 713 4307 ἀλλὰ
730 4251 844 4311 πολλοὺς
861 4252 907 4305 καὶ

293 4348 347 4392 τῶν
363 4340 551 4408 ἀπελευθέρων
568 4338 643 4396 υἱοὺς
660 4337 788 4405 ἀνέμιξεν.
807 4342 907 4391 Liv.1X

293 4427 800 4493 QQQWMQMQA

327 4515 425 4564 docuit.
449 4515 475 4563 in
501 4518 609 4576 senatu,
633 4514 737 4576 opinor,
762 4512 808 4561 ubi
825 4513 907 4560 etiarn

294 4599 383 4649 docuit
413 4598 492 4660 (Tac.
516 4600 584 4649 Ann.
616 4599 651 4647 Xl
681 4597 726 4659 14)
757 4598 811 4646 iam
844 4601 906 4646 ante

293 4682 432 4734 Gaesarem
458 4685 613 4733 dictatorem
636 4683 822 4733 libertinorum
847 4682 907 4732 filiis

293 4770 465 4833 magistratus
483 4769 557 4819 datos
574 4769 665 4818 fuisse.

327 4854 464 4904 libertinos
487 4869 543 4903 non
565 4855 638 4916 ipsos
655 4856 704 4916 qui
721 4869 808 4903 umnn
824 4854 892 4902 emit

971 1132 1106 1191 terantur,
1115 1129 1162 1176 sed
1171 1130 1500 1190 inponam-procreatos.
1515 1127 1587 1190 quod

970 1226 1068 1262 nomen
1100 1213 1176 1276 Appii
1207 1213 1312 1262 Claudii
1343 1216 1431 1261 aetate
1457 1226 1490 1260 ex
1517 1212 1588 1260 iusta

969 1297 1098 1346 servitute
1121 1297 1278 1347 manumissi
1295 1295 1388 1358 (Gaius
1406 1296 1417 1344 Ι
1435 1295 1479 1358 11)
1498 1297 1587 1346 habu-

970 1381 1039 1429 erint
1064 1380 1207 1430 Suetonius
1231 1397 1283 1430 non
1305 1382 1421 1430 tradidit.
1455 1380 1536 1430 Multi
1560 1386 1587 1430 et

969 1480 1002 1514 ex
1019 1465 1064 1529 iis,
1089 1467 1136 1528 qui
1154 1481 1240 1528 nuper
1257 1467 1327 1515 hanc
1344 1481 1400 1515 rem
1418 1470 1586 1527 tractarunt,

969 1550 1090 1599 Karlowa
1107 1549 1136 1611 (l.
1156 1552 1171 1599 l.
1191 1551 1201 1599 l
1220 1566 1244 1613 p.
1262 1548 1337 1612 353),
1363 1551 1463 1613 Herzog
1480 1549 1503 1610 (l
1522 1548 1585 1611 977)

969 1637 1132 1695 putaverunt
1159 1634 1316 1684 Suetonium
1341 1635 1492 1684 distinxisse
1515 1635 1587 1684 inter

969 1719 1079 1767 libertos
1096 1723 1123 1767 et
1141 1718 1295 1783 libertinos,
1311 1719 1376 1768 illud
1393 1734 1491 1768 nornen
1501 1720 1585 1769 fuisse

968 1803 1031 1865 ipsis
1056 1804 1239 1866 manumissa,
1258 1805 1308 1853 hoc
1331 1803 1391 1853 filiis
1414 1819 1516 1853 eorum.
1553 1805 1586 1853 Et

970 1886 1036 1935 filios
1065 1887 1172 1949 quidem
1200 1889 1424 1937 manumissorum
1450 1889 1585 1952 antiquis-

968 1971 1042 2020 simis
1058 1972 1221 2035 temporibus
1237 1988 1290 2023 non
1309 1988 1355 2035 pro
1372 1974 1495 2036 ingenuis
1505 1973 1582 2023 liabi-

967 2061 1008 2105 tos
1025 2073 1082 2107 esse
1098 2059 1163 2107 satis
1180 2058 1307 2122 probatur
1324 2072 1368 2118 eo,
1386 2056 1457 2121 quod
1476 2072 1583 2121 semper

967 2156 1045 2191 nemo
1066 2143 1224 2206 magistratu
1246 2143 1323 2206 fungi
1346 2147 1449 2205 poterat
1466 2143 1517 2191 nisi
1535 2157 1584 2192 avo

967 2227 1048 2276 libero
1070 2225 1114 2288 (cf.
1137 2227 1285 2276 Mommsen
1316 2227 1376 2277 sm.
1404 2226 1439 2275 lll
1464 2225 1516 2287 71),
1535 2227 1583 2276 Vix

967 2312 1050 2375 igitur
1074 2312 1190 2362 dubitari
1215 2317 1314 2375 potest,
1340 2312 1406 2375 quin
1432 2312 1482 2360 hoc
1507 2312 1585 2361 nobis

968 2401 1039 2446 recte
1079 2410 1095 2445 a
1134 2395 1261 2445 Suetonio
1294 2397 1424 2445 traditum
1458 2397 1501 2446 sit.
1531 2396 1583 2446 Sed

966 2481 1035 2543 ipsos
1049 2481 1226 2530 manumissos
1241 2481 1349 2530 libertos
1364 2482 1511 2542 appellatos
1525 2495 1584 2530 esse

966 2569 1036 2614 recte
1065 2565 1131 2614 mihi
1161 2579 1270 2628 negasse
1301 2565 1408 2613 videtur
1432 2564 1583 2614 Mommsen

965 2647 1038 2708 (StR.
1072 2650 1107 2699 lll
1142 2649 1243 2698 iat-A
1276 2648 1315 2712 1),
1344 2649 1434 2697 dicens
1468 2649 1583 2698 libertus

965 2749 1115 2798 numquam
1149 2740 1220 2783 recte
1251 2734 1375 2796 usurpari
1408 2733 1458 2782 nisi
1490 2735 1583 2783 addito

965 2817 1087 2868 Genitivo
1120 2833 1181 2868 casu
1216 2819 1324 2868 nomine
1357 2818 1475 2881 patroni,
1510 2819 1581 2881 quod

965 2904 1011 2953 ubi
1033 2904 1214 2953 desitmente
1237 2903 1413 2965 supplendum
1432 2918 1496 2952 esse.
1523 2904 1582 2966 Ipse

965 2988 1113 3038 Mommsen
1130 2985 1159 3051 (l.
1176 2988 1206 3051 l.)
1222 2987 1382 3038 Suetonium
1401 2988 1490 3036 minus
1509 2995 1582 3038 recte

964 3074 1114 3122 distinxisse
1131 3078 1222 3122 censet
1238 3073 1309 3121 inter
1326 3072 1435 3122 libertos
1453 3078 1480 3121 et
1498 3074 1581 3122 liber-

965 3159 1047 3220 tinos,
1070 3172 1162 3207 revera
1185 3163 1276 3206 autem
1298 3162 1326 3206 et
1342 3158 1411 3220 ipsos
1430 3160 1581 3208 manumis-

964 3257 1006 3292 sos
1036 3247 1065 3290 et
1096 3241 1164 3290 tilios
1190 3242 1286 3291 horum
1311 3243 1358 3291 illa
1382 3247 1471 3291 aetate
1498 3243 1579 3293 liber-

962 3327 1033 3375 tinos
1055 3327 1199 3389 appellatos
1221 3340 1286 3375 esse.
1313 3326 1386 3384 Quae
1403 3332 1493 3376 tamen
1513 3329 1580 3376 mihi

963 3426 1016 3460 non
1043 3412 1154 3473 placent.
1181 3411 1248 3459 Nam
1275 3417 1303 3460 et
1319 3410 1464 3460 Suetonius
1481 3413 1579 3462 diserte

963 3495 1027 3544 dicit
1037 3495 1084 3544 illa
1096 3499 1185 3544 aetate
1198 3496 1368 3545 manumissis
1376 3501 1404 3544 et
1415 3495 1474 3545 filiis
1483 3511 1578 3546 eorum

962 3580 1033 3628 idem
1058 3594 1155 3629 nomen
1173 3594 1225 3628 non
1244 3580 1339 3643 tuisse,
1364 3595 1452 3644 neque
1470 3596 1578 3631 causam

962 3679 1019 3714 esse
1050 3679 1158 3727 censeo,
1190 3679 1238 3712 cur
1263 3666 1290 3713 in
1318 3666 1367 3713 hac
1392 3680 1420 3713 re
1446 3666 1470 3714 ei
1498 3665 1577 3714 fidem

962 3764 1103 3812 negemuS,
1121 3750 1252 3812 siquidem
1270 3749 1342 3798 aliud
1361 3764 1458 3798 nomen
1475 3755 1577 3813 exstat,

962 3834 1032 3898 quod
1045 3834 1092 3883 illa
1104 3837 1192 3882 aetate
1201 3834 1373 3883 manumissis
1382 3834 1463 3883 fuisse
1473 3840 1577 3884 certum

962 3924 1015 3981 est,
1047 3919 1080 3967 de
1105 3933 1159 3981 quo
1185 3919 1234 3967 hoc
1259 3920 1314 3967 loco
1341 3917 1484 3969 Suetonius
1510 3919 1577 3968 mihi

962 4003 1116 4066 cogitavisse
1133 4003 1244 4052 videtur.
1269 4003 1326 4066 lpse
1343 4004 1415 4052 enim
1433 4003 1577 4054 Mommse-

962 4103 1013 4137 nus
1036 4086 1109 4149 (StR.
1131 4088 1167 4136 lll
1192 4086 1241 4136 118
1265 4088 1287 4137 Α
1310 4087 1338 4149 1)
1356 4103 1387 4137 ex
1405 4089 1491 4138 titulis
1509 4105 1576 4138 non-

961 4173 1044 4223 nullis
1070 4171 1098 4234 (l.
1116 4170 1158 4235 l.),
1184 4178 1216 4222 ut
1241 4172 1269 4223 C.
1293 4173 1311 4222 I.
1336 4173 1363 4221 L.
1390 4172 1413 4221 X
1439 4171 1519 4231 8054,
1546 4173 1576 4223 8:

960 4258 1054 4308 Servio
1087 4258 1204 4307 Gabinio
1239 4258 1264 4306 T.
1297 4256 1413 4320 sicinus)
1439 4257 1517 4322 fecit,
1543 4273 1575 4307 ex

961 4343 1112 4393 nominibus
1135 4343 1320 4392 libertinorum
1344 4347 1375 4390 ut
1393 4341 1446 4390 Gai
1460 4357 1525 4405 por,
1549 4348 1577 4392 et

961 4428 1116 4490 praesertim
1149 4441 1180 4476 ex
1210 4427 1294 4489 capite
1320 4427 1386 4490 legis
1412 4425 1517 4476 Cinciae
1543 4428 1576 4476 de

961 4513 1148 4562 donationibus
1177 4510 1211 4574 (a.
1238 4508 1358 4574 5501101)
1390 4511 1483 4574 fragm.
1517 4511 1575 4560 Vat.

961 4596 1053 4659 5307:
1071 4600 1096 4647 si
1114 4599 1177 4659 spiris
1195 4612 1212 4644 n
1225 4597 1322 4658 seruis,
1340 4587 1442 4658 quique
1452 4610 1505 4658 pro
1517 4611 1575 4645 ser-

960 4683 1000 4753 uis
1012 4683 1169 4731 servitutem
1186 4681 1447 4743 seiniernntoccipit
1456 4678 1573 4742 duirlve]

960 4768 984 4815 is
1001 4765 1058 4828 (uhi
1074 4782 1162 4816 seruos
1180 4766 1374 4829 intellegendos
1392 4760 1449 4814 esse
1462 4780 1494 4814 ex
1504 4766 1575 4814 iusta

960 4852 1087 4901 servitute
1113 4851 1290 4900 manumissos
1316 4852 1391 4900 docet
1413 4849 1574 4913 Mommsen)
