3322 5512
92 501 131 578 C.
157 504 189 575 4.

904 316 943 374 aa

284 504 401 598 legato
434 524 572 598 quoque
605 524 673 575 non
708 500 860 598 amplius
893 525 999 597 quarn
1025 500 1298 595 octingentorum
1325 502 1563 575 sestertiorum

281 635 495 724 prosecutus.

331 753 374 828 V.
427 751 590 825 liberius
625 759 772 846 patruus
807 752 935 848 petenti
960 751 1110 825 honores
1136 752 1334 826 consularia
1359 761 1564 826 omameuta

283 877 423 952 detulit:
459 876 522 949 sed
555 875 743 949 instantius
776 874 950 970 legitimos
983 875 1154 971 flagitanti
1187 876 1223 949 id
1258 877 1369 950 solum
1395 878 1564 952 codicillis

279 1185 337 1248 alii,
379 1199 546 1248 quamquam
581 1185 694 1234 Rothius
727 1186 895 1247 nuncuparit

280 1273 352 1322 dedit
385 1272 528 1321 editionem
562 1271 708 1320 Romanam
735 1269 746 1317 l
772 1274 894 1332 secutuS,

281 1372 334 1406 uon
352 1358 423 1406 recte
442 1360 473 1404 ut
492 1357 546 1418 ipse
565 1356 628 1404 dicit
646 1356 727 1418 praef.
741 1371 764 1418 p.
778 1355 893 1405 XXXVI.

280 1442 309 1490 ln
329 1440 432 1491 duobus
448 1440 589 1489 sententiis
605 1440 779 1490 consecutivis
793 1440 894 1490 coordi-

281 1526 351 1574 natis
369 1525 507 1588 scriptores
520 1539 724 1588 nonnumquam
737 1525 853 1587 perfecto
868 1528 895 1572 et

279 1610 433 1673 imperfecto
443 1610 590 1672 promiscue
600 1611 642 1658 usi
651 1613 722 1658 sunt.
738 1607 776 1658 Ci.
784 1609 895 1657 Kiihner

280 1694 324 1744 Gr.
340 1695 396 1743 Lat.
409 1694 432 1742 ΙΙ
446 1710 469 1757 p.
480 1691 542 1757 780,
560 1694 607 1758 qui
622 1698 713 1743 tamen
727 1693 783 1742 sine
800 1707 895 1756 causa,

280 1795 322 1828 me
340 1780 439 1842 iudice,
458 1779 577 1828 distinxit
592 1779 662 1827 inter
674 1780 760 1842 locos,
780 1778 824 1828 ubi
837 1782 895 1841 post

280 1863 468 1928 Imperfectum
493 1863 645 1912 Perfectum
675 1864 841 1926 invenimus,
868 1867 895 1912 et

279 1964 337 2011 eos,
365 1948 410 1998 ubi
437 1952 495 2011 post
521 1948 672 1997 Perfectum
697 1949 894 2010 imperfectum.

279 2034 423 2084 Suetonius
441 2033 479 2082 ita
496 2033 561 2082 dixit
572 2032 627 2082 Tib.
637 2032 682 2082 52:
700 2033 895 2081 uteleonrit—

280 2123 441 2182 increparet.
466 2118 538 2169 Caes.
566 2115 612 2165 39:
640 2123 671 2166 ut
694 2123 838 2166 monerent
861 2142 895 2150 -

279 2205 433 2254 martinsart
451 2205 513 2253 siut.
527 2201 583 2251 Gai.
602 2201 648 2252 CC:
672 2209 703 2251 ut
719 2207 895 2252 wnoocnrent

279 2287 344 2351 (non
358 2293 429 2338 reete
442 2287 656 2350 Oudendorpius:
669 2284 852 2347 oonvoeonint)
862 2311 895 2318 -

279 2361 441 2425 censuerint.
465 2373 524 2422 Alia
547 2374 668 2434 exempla
692 2370 825 2434 congessit
842 2370 894 2418 Ro-

280 2459 353 2508 thius
371 2458 451 2521 praef.
470 2473 494 2520 p.
512 2456 614 2506 XXXV.

314 2544 400 2606 lenate
426 2556 539 2604 quoqne.
565 2541 651 2591 codd:
679 2542 819 2603 leuatoque
842 2554 895 2602 quo

279 2631 383 2676 retento
418 2630 477 2689 post
508 2632 665 2688 prosecutus
695 2628 895 2688 expectaremus

211 2753 213 2756 .
281 2712 366 2774 fuerit
380 2709 429 2771 (sie
446 2708 603 2770 Gronovius)
622 2712 662 2758 vel
680 2711 729 2770 sit,
748 2709 817 2776 quod
834 2714 896 2757 ante

279 2810 394 2859 sequeus
411 2794 570 2844 vocabulum
592 2794 713 2843 Tiberius
723 2793 799 2842 facile
808 2792 896 2843 omitti

280 2880 374 2944 potuit.
406 2879 490 2942 Magis
519 2883 611 2927 tamen
642 2878 709 2927 milri
741 2879 827 2940 placet
857 2878 895 2939 id,

280 2964 350 3028 quod
394 2961 533 3012 iirnestius
573 2962 743 3026 excogitavit,
784 2961 896 3010 Rothius

280 3051 308 3098 in
340 3053 446 3097 textum
478 3047 589 3110 recepit,
623 3062 668 3110 pro
701 3062 752 3110 qne
777 3047 895 3096 scriben-

281 3135 345 3183 dum
377 3148 434 3182 esse
460 3146 573 3195 quoque.
606 3132 636 3180 In
663 3131 715 3181 fine
741 3147 762 3181 c.
797 3130 814 3180 6
841 3131 896 3180 fere

281 3220 374 3268 eadem
408 3217 488 3266 verba
521 3217 648 3280 legimus:
693 3217 778 3279 lenate
811 3217 896 3265 etiarn

279 3308 444 3366 prosecutus.

313 3402 369 3437 nun
402 3387 523 3448 amplius
557 3387 775 3449 octinqentorunr
799 3392 895 3435 sester-

282 3473 391 3521 tiorum.
426 3472 457 3519 de
475 3472 570 3534 legatis
587 3471 620 3519 ab
638 3471 758 3536 Augusto
776 3471 845 3520 datis
863 3470 895 3519 ef.

282 3557 354 3608 Suet.
373 3556 441 3619 Aug.
459 3554 521 3605 tot:
542 3557 630 3619 leqata
646 3557 818 3619 uariededit,
831 3569 896 3617 pro-

281 3629 567 3704 diraitquequoedont
584 3641 619 3690 nd
636 3643 718 3690 uicies
733 3643 895 3690 sestertium.

281 3727 339 3775 Tac.
362 3725 430 3776 Anu.
448 3725 459 3773 1
478 3723 507 3773 8:
527 3727 616 3788 leonto
631 3741 686 3775 non
700 3727 775 3775 uitro
789 3727 897 3776 civilem

281 3812 403 3860 modurn.
421 3811 469 3861 Dio
487 3809 534 3872 56,
551 3808 597 3872 32,
615 3809 644 3858 ῖς
662 3806 784 3874 κτήματα
803 3806 895 3859 δὲκαὶ

280 3891 405 3960 χρήματα
435 3891 518 3943 πολλὰ
543 3891 649 3948 πολλοῖς
674 3890 720 3943 καὶ
744 3898 797 3944 τῶν
813 3911 896 3958 προσ-

281 3979 403 4044 ηκόντων
433 3977 460 4028 οἱ
482 3975 527 4028 καὶ
551 3982 604 4027 τῶν
628 3975 773 4041 ἀλλοτρίων
794 4005 828 4012 -
851 3977 896 4028 δο-

281 4063 362 4130 θῆναι
407 4062 535 4114 ἐκέλευσε.
580 4064 707 4114 Claudius
745 4064 897 4127 octingenta

282 4152 404 4201 sestertia
421 4151 564 4214 accipiens,
588 4164 621 4197 ne
638 4150 709 4197 inter
726 4163 770 4197 eos
788 4148 895 4211 quidem

283 4237 328 4299 qui
354 4236 448 4300 legat-is
467 4236 557 4285 donati
576 4240 653 4297 sunt,
674 4233 790 4296 primum
808 4235 896 4281 locum

283 4321 406 4370 obtinuit.

314 4405 425 4467 petenti.
444 4419 479 4453 sc.
497 4403 640 4467 aTiberio,
659 4417 720 4451 nam
732 4417 897 4465 quamquam

283 4490 352 4552 apud
379 4491 499 4538 consules
518 4502 624 4551 quoque
643 4486 770 4536 Claudius
788 4501 816 4535 se
834 4501 897 4535 ran-

282 4574 402 4622 didatum
421 4572 537 4635 profiteri
550 4573 650 4635 pot-uit,
669 4573 725 4620 sine
738 4571 817 4620 dubio
827 4571 897 4633 apud

283 4657 440 4720 principem,
467 4662 593 4719 patruum
617 4671 710 4718 suum,
735 4656 783 4704 lroc
811 4656 897 4704 facere

283 4742 392 4805 maluit,
427 4756 488 4790 cum
518 4742 564 4804 qui
589 4757 604 4790 a
628 4740 742 4804 principe
766 4741 897 4790 nominati

282 4831 373 4886 erant,
414 4841 467 4876 uun
506 4825 584 4875 facile
619 4826 752 4888 repulsam
788 4825 896 4874 ferrent.

950 1185 1070 1235 Tiberius
1088 1190 1179 1235 tamen
1197 1186 1224 1234 in
1243 1185 1293 1234 hae
1311 1199 1417 1248 quoque
1434 1199 1462 1233 re
1474 1185 1564 1234 obser·

949 1286 1029 1334 vans,
1076 1285 1146 1333 quae
1194 1270 1332 1333 Augustus
1375 1270 1564 1332 constituerat,

950 1353 1054 1403 Claudii
1080 1369 1177 1404 nomen
1204 1369 1257 1403 non
1283 1354 1397 1417 accepit,
1429 1359 1509 1418 atque
1536 1355 1564 1403 in

948 1439 1077 1489 solacium
1109 1445 1268 1489 ornamenta
1300 1441 1452 1490 consularia
1483 1441 1563 1490 dedit.

983 1524 1104 1573 honores.
1126 1525 1180 1573 iam
1198 1541 1221 1574 a.
1240 1521 1345 1586 realis.
1365 1539 1418 1588 quo
1437 1524 1564 1574 Claudius

949 1624 1051 1658 annum
1075 1615 1202 1672 quartum
1226 1614 1253 1658 et
1276 1609 1433 1659 vicesimum
1452 1610 1564 1674 agebat,

949 1699 1123 1756 quaesturam
1141 1698 1230 1756 petere
1248 1694 1342 1756 potuit.

981 1778 1136 1827 consularia
1149 1784 1312 1828 ornamenta
1320 1778 1337 1827 i.
1347 1793 1368 1827 e.
1379 1783 1480 1828 vestem
1490 1793 1566 1828 sena·

948 1862 1043 1910 toriam
1057 1861 1151 1925 (quam
1165 1861 1292 1926 Claudius
1306 1867 1336 1912 ut
1348 1864 1479 1912 senatoris
1493 1863 1564 1912 filius

948 1947 1002 1994 iarn
1035 1945 1174 2010 habebat),
1207 1947 1249 1996 ius
1280 1951 1370 2011 togam
1397 1952 1563 2011 praetextam

948 2031 1041 2080 diebus
1080 2031 1155 2080 festis
1195 2032 1318 2096 gerendi,
1359 2033 1495 2095 spectandi
1536 2033 1564 2081 in

948 2116 1095 2179 orchestra,
1135 2115 1314 2179 epulandique
1355 2117 1458 2179 publice
1493 2117 1565 2167 inter

948 2202 1108 2264 consulares,
1126 2202 1159 2250 cf.
1173 2201 1294 2250 Momms.
1307 2200 1368 2251 StR.
1381 2199 1405 2249 1³
1416 2199 1466 2250 459
1476 2201 1497 2250 A
1507 2200 1523 2250 3
1534 2218 1564 2245 =

948 2281 971 2334 1²
994 2284 1050 2335 443.
1076 2284 1204 2335 Claudius
1227 2286 1329 2349 primus
1346 2286 1450 2335 videtur
1467 2286 1563 2350 fuisse,

948 2370 995 2434 qui
1035 2375 1142 2419 senator
1176 2385 1229 2420 non
1263 2371 1364 2434 facilis,
1405 2375 1565 2421 ornamenta

948 2456 1056 2518 accepit,
1073 2460 1104 2504 ut
1116 2455 1238 2505 Tiberius
1250 2470 1357 2518 quoque
1371 2456 1473 2519 primus
1485 2471 1566 2504 orna-

949 2545 1042 2589 menta
1062 2541 1148 2606 equiti
1166 2540 1285 2590 Romano
1302 2541 1383 2603 dedit,
1400 2541 1433 2590 cf.
1451 2541 1499 2590 Dio
1517 2541 1564 2603 57,

949 2623 995 2688 lit,
1014 2624 1044 2674 7:
1063 2628 1155 2673 τοῦτον
1169 2621 1223 2688 (τὸν
1235 2623 1362 2689 Σηιανόν)
1376 2623 1391 2673 ὅ
1404 2621 1566 2690 Τιβέριος-

950 2713 1005 2763 ταῖς
1032 2724 1059 2757 τε
1082 2714 1266 2773 στρατηγικαῖς
1292 2713 1377 2772 τιμαῖς
1402 2705 1566 2772 ἐκόσμησεν,

950 2791 966 2841 ὃ
987 2788 1070 2856 μήπω
1092 2791 1221 2856 πρότερον
1238 2789 1332 2857 μηδενὶ
1350 2798 1403 2842 τῶν
1421 2791 1523 2857 ὁμοίων
1539 2792 1568 2842 οἱ

950 2874 1060 2942 ἐγεγόνει
1068 2915 1075 2938 ,
1093 2879 1125 2928 ci.
1139 2879 1260 2928 Momms.
1274 2881 1291 2927 l.
1305 2879 1321 2927 l.
1335 2877 1359 2927 1³
1372 2877 1421 2928 463
1436 2876 1565 2928 :1²447.

983 2964 1080 3012 detulit
1096 2964 1113 3013 i.
1131 2978 1154 3013 e.
1173 2969 1295 3025 senatus,
1321 2969 1429 3013 arrctore
1445 2962 1564 3027 Tiberio,

950 3047 1059 3097 Claudio
1088 3053 1246 3098 ornamenta
1270 3049 1421 3099 consularia
1443 3049 1566 3098 decrevit.

950 3133 991 3181 lta
1014 3134 1087 3181 enim
1112 3132 1211 3182 iactum
1237 3147 1293 3182 esse
1319 3133 1414 3182 docent
1437 3121 1513 3181 Philo
1537 3133 1566 3181 in

950 3217 1074 3266 Flaccum
1106 3233 1127 3267 c.
1155 3217 1182 3267 7:
1216 3213 1357 3282 Ἀγρίππαν
1382 3243 1416 3252 -
1441 3211 1493 3265 ὑπὸ
1519 3219 1566 3279 τῆς

946 3297 1090 3363 Ῥωμαίων
1113 3297 1213 3365 βουλῆς
1236 3297 1405 3364 τετιμημένον
1428 3317 1565 3365 στρατηγι-

949 3389 1010 3439 καῖς
1027 3389 1122 3447 τιμαῖς.
1144 3386 1191 3434 Dio
1208 3385 1258 3449 58,
1274 3385 1321 3450 ta,
1340 3387 1369 3436 7:
1386 3381 1500 3434 Λάκωνι
1516 3380 1567 3448 μὲν

950 3464 995 3523 τὰς
1027 3472 1080 3517 τῶν
1111 3467 1334 3532 τεταμιευκότων,
1368 3466 1505 3533 Μάκρωνι
1537 3465 1567 3519 δὲ

950 3549 994 3608 τὰς
1004 3557 1057 3602 τῶν
1067 3550 1301 3618 ἐστρατηγηκότων
1310 3551 1425 3618 ἔδωκαν,
1434 3560 1461 3603 et
1469 3554 1567 3603 titulus
1638 3607 1640 3613 .

948 3639 1070 3688 urbanus
1088 3638 1115 3688 C.
1134 3640 1153 3688 l.
1169 3640 1197 3687 L.
1210 3639 1242 3688 Vl
1256 3638 1305 3688 798
1318 3655 1348 3682 =
1361 3640 1432 3689 Dess.
1446 3655 1472 3688 n.
1485 3639 1568 3694 llis:

953 3725 998 3774 Cn.
1025 3724 1151 3773 Octauius
1173 3725 1290 3774 Titinius
1310 3724 1406 3787 Capito
1423 3750 1456 3758 —
1472 3726 1567 3775 eodeni

950 3809 1021 3871 (divo
1048 3807 1145 3862 Nervai
1163 3815 1271 3859 nrrcwre
1288 3824 1321 3858 ea
1338 3807 1473 3872 s(enutus)
1491 3809 1567 3873 c(on·

950 3894 1031 3957 sulio)
1045 3896 1193 3957 praetoriis
1205 3897 1384 3945 ornamentis.
1402 3895 1434 3943 cf.
1445 3895 1567 3945 Momms

951 3979 1011 4029 StR.
1031 3978 1053 4028 1³
1072 3978 1120 4028 lar
1138 3980 1158 4027 Α
1178 3978 1192 4027 i
1213 3977 1358 4029 :1²450.

985 4065 1127 4126 ἰσγῖῖῖηισε.
1146 4070 1303 4113 ornamenta
1321 4064 1393 4113 enirn
1411 4064 1478 4113 nihil
1495 4067 1567 4114 vale-

950 4148 1016 4197 bant
1033 4148 1065 4196 ad
1086 4163 1160 4197 veros
1179 4149 1291 4197 honores
1309 4149 1443 4211 petendos.

983 4233 1121 4282 codicillis.
1144 4233 1255 4282 codicilli
1268 4234 1300 4282 ad
1312 4238 1465 4296 praesentes
1475 4235 1568 4284 mitte-

951 4317 1063 4379 bantur,
1082 4316 1211 4378 epistulae
1224 4317 1256 4365 ad
1269 4317 1400 4368 absentes.
1414 4319 1445 4367 cf.
1456 4317 1517 4368 Seu.
1527 4334 1566 4382 ep.

951 4401 996 4464 55,
1020 4400 1067 4449 ii:
1090 4402 1157 4450 odeo
1188 4407 1275 4450 tecum
1298 4418 1374 4465 strat,
1397 4410 1428 4451 ut
1445 4403 1569 4453 dubitent

950 4502 988 4534 an
1004 4487 1141 4547 incipiam
1158 4500 1214 4534 non
1231 4487 1361 4547 epistulas
1373 4487 1419 4535 sed
1431 4487 1568 4536 codicillos

951 4571 1002 4619 tibi
1022 4571 1146 4620 scribere.
1169 4571 1269 4619 Morem
1287 4571 1417 4620 scribendi
1432 4571 1516 4641 etiam
1534 4572 1568 4620 ad

952 4661 1102 4719 praesentes
1128 4656 1229 4719 primus
1251 4654 1348 4705 Caesar
1369 4656 1567 4713 introduxerat,

952 4755 1035 4803 quern
1058 4740 1195 4803 Augustus
1218 4744 1327 4790 secutus
1351 4744 1423 4801 erat,
1446 4739 1567 4789 ci..Plut.

952 4823 1025 4873 Caes.
1044 4822 1090 4872 17:
1108 4819 1206 4888 λέγεται
1225 4818 1317 4872 δὲκαὶ
1336 4818 1364 4871 τὸ
1383 4818 1425 4871 διὰ
1443 4818 1566 4887 γραμμά-
