3322 5512
924 316 962 373 66

205 557 211 572 .
305 495 407 572 etiam
459 494 533 571 suis
584 520 795 592 suorumque
845 497 969 571 diebus
1018 498 1262 590 sollemnibus,
1323 519 1583 594 nonnumquam

303 623 403 696 festis
453 646 590 719 quoque
638 622 829 718 antiquitus
874 631 909 696 et
954 622 1135 717 religiosis.
1187 623 1262 695 Nec
1308 646 1447 719 semper
1485 647 1584 719 prae-

302 748 432 845 scripta
473 747 590 843 legum
634 756 793 840 secutus,
842 746 1005 820 duritiam
1046 747 1270 820 lenitatemue
1314 747 1501 820 multarum
1541 772 1585 821 ex

301 872 392 946 bono
429 882 464 947 et
502 897 632 968 aequo,
666 873 810 969 perinde
845 883 883 945 ut
909 873 1133 965 adficeretur,
1168 871 1370 945 moderatus
1396 882 1467 967 est3
1503 897 1585 946 nam

303 1006 336 1071 et
361 997 417 1092 iis,
442 999 502 1094 qni
529 999 624 1094 apud
649 999 805 1095 privatos
830 998 963 1071 iudices
989 998 1069 1093 plus
1095 997 1244 1094 petendo
1267 998 1418 1070 formula
1437 997 1585 1070 excidis-

343 1221 402 1280 Dio
425 1225 480 1297 60,
502 1225 536 1296 4,
561 1224 582 1280 3
602 1242 643 1298 sp.
688 1223 740 1285 κοοί
764 1220 839 1286 nxS'
865 1222 995 1295 ἓκοίστυυ
1020 1246 1058 1298 γε
1082 1222 1119 1291 ὡς
1143 1221 1235 1285 sinsin
1261 1219 1395 1300 ἡμέρου,
1420 1221 1483 1294 ἤτοι
1502 1218 1586 1296 nerii

304 1326 404 1402 ποίους
426 1337 480 1402 τῆς
504 1328 663 1408 γερουσίας
688 1328 703 1403 ἢ
729 1329 780 1392 nui
805 1329 882 1412 ἰδίᾳ,
907 1329 941 1393 σο
964 1329 1020 1405 μὲν
1046 1335 1189 1392 πλείστου
1214 1329 1244 1391 ἐν
1268 1335 1305 1408 τῇ
1330 1329 1449 1410 οὶγορρῖ,
1474 1327 1528 1402 ἤδη
1554 1326 1586 1389 δὲ

302 1436 353 1499 nai
378 1433 511 1510 ἄλλοθί,
544 1435 595 1499 ἐπί
620 1436 762 1513 βήμοοσος
785 1436 919 1519 ἐδίκαζε.
944 1475 987 1484 -
1012 1435 1064 1499 nai
1088 1434 1181 1511 ὀλίγοι
1207 1437 1367 1506 auocaret-4
1391 1441 1453 1506 τοῖς
1477 1433 1586 1503 ἄλλοις

303 1541 500 1622 δικαστηρίοις
524 1542 684 1621 ἐπέτρεπε.

347 1650 409 1708 Τοο.
432 1652 511 1709 Ann.
534 1650 600 1708 XII
618 1652 646 1708 4.
689 1649 765 1708 Tum
785 1651 909 1708 formam
931 1649 1024 1708 futuri
1046 1649 1232 1727 principatus
1253 1647 1448 1726 praescripsit
1468 1646 1585 1725 (Nero),

304 1775 338 1815 ea
368 1756 498 1815 maxime
529 1757 698 1830 declinans,
731 1774 855 1832 quorum
889 1773 993 1814 recens
1021 1757 1165 1831 flagrabat
1193 1754 1307 1813 inuidia
1348 1753 1415 1812 Non
1444 1755 1524 1813 enim
1554 1772 1586 1812 se

304 1862 490 1937 negotiorum
512 1863 643 1921 omnium
665 1862 795 1921 iudicem
815 1863 887 1921 iore.

347 1967 455 2027 Seneca
475 1970 592 2044 Apocot.
618 1973 648 2043 7,
672 1971 692 2027 4
713 1988 755 2045 sq.
798 1987 852 2044 ego
874 1968 1040 2045 (Claudius)
1062 1987 1158 2043 eram,
1180 1969 1231 2045 qui
1253 1968 1355 2027 Tiburi
1377 1967 1485 2026 -ius
1507 1967 1587 2026 dice·

306 2075 372 2133 bam
394 2075 464 2134 totis
485 2075 591 2135 diebus
613 2093 714 2135 mense
735 2075 812 2134 Iulio
834 2080 864 2134 et
884 2077 1029 2151 Augusto.
1052 2075 1097 2133 Tu
1119 2075 1178 2134 scis
1200 2080 1345 2152 quantum
1366 2074 1430 2132 illic
1452 2073 1587 2132 miseria·

306 2200 373 2240 rum
394 2182 515 2241 tiderim
536 2201 605 2241 cum
626 2181 792 2241 causidicos
813 2182 949 2240 audirem
971 2181 1050 2240 diem
1072 2187 1103 2240 et
1123 2186 1250 2241 noctem.

347 2288 455 2347 Seneca
475 2291 492 2346 t.
516 2289 533 2347 t.
555 2291 609 2362 12,
634 2291 669 2357 2,
690 2308 731 2347 os.
756 2290 800 2346 22
821 2308 863 2365 sq.
906 2287 980 2362 Quis
1001 2307 1081 2346 nunc
1094 2288 1188 2347 iudex
1202 2288 1275 2347 Toto
1289 2288 1360 2347 lites
1374 2288 1477 2347 audiet
1491 2291 1588 2347 anno?

344 2395 404 2454 Dio
429 2397 483 2467 60,
508 2399 541 2469 5,
566 2398 642 2452 7:
666 2396 738 2454 ch.
760 2395 810 2453 XI
830 2398 897 2470 8ο.
922 2397 996 2453 462.
1039 2393 1095 2465 reis
1134 2400 1205 2469 γοῦν
1246 2391 1424 2473 θυγοοσέροος
1457 2434 1497 2442 -
1531 2396 1586 2468 τὴν

304 2501 360 2578 μὲν
384 2502 543 2577 ἐγγυήσας
567 2541 609 2549 -
634 2502 686 2574 τὴν
713 2502 744 2564 δὲ
768 2501 936 2574 ἐκδούς-
960 2500 1042 2564 οὐδὲν
1068 2500 1221 2583 ἕξοιίρετου
1247 2497 1397 2582 inpages,
1422 2499 1510 2563 οίλλίο
1534 2501 1586 2564 nei

304 2608 395 2678 οὗτος
419 2609 448 2671 ἐν
472 2616 541 2681 rau
564 2609 687 2687 ἡμέροις
710 2609 837 2679 ἐκείνους
861 2609 980 2687 ἕιδίκοοσε
1005 2607 1056 2671 nei
1081 2609 1097 2681 ἡ
1121 2607 1218 2684 βουλὴ
1245 2604 1403 2686 ἠθροίσθη.

340 2869 373 2933 [p.
383 2868 427 2932 65]
438 2877 516 2920 ectra
525 2871 660 2920 honorem.
680 2872 799 2934 princeps
807 2872 835 2919 in
844 2871 917 2919 omni

305 2970 332 3004 re
345 2957 388 3005 ius
405 2956 491 3005 dicere
509 2960 607 3018 potest,
625 2957 670 3005 sed
681 2957 800 3020 plerique
810 2961 917 3005 tantum

305 3054 346 3088 res
369 3040 475 3088 maioris
498 3040 627 3088 momenti
649 3040 698 3103 ipsi
722 3041 917 3102 indicaverunt,

305 3128 405 3173 ceteras
439 3139 479 3173 res
510 3124 641 3173 indicibus
665 3129 692 3173 et
719 3125 918 3188 magistratibus

306 3209 480 3271 reliquerunt.
506 3207 633 3257 Claudius
651 3224 711 3258 vero
730 3225 811 3272 paene
830 3210 919 3258 omnia

304 3293 359 3356 ipse
390 3293 523 3356 cognovit,
559 3294 639 3356 idque
671 3310 717 3356 pro
750 3295 918 3357 usurpatione

305 3378 431 3440 aequales
464 3378 629 3443 habuerunt,
662 3381 693 3429 cf.
720 3385 824 3442 praeter
851 3380 918 3427 locos

305 3463 374 3511 inter
391 3463 544 3512 testimonia
561 3465 656 3514 allatos
673 3464 800 3515 Senecam
814 3465 918 3527 Apocol.

305 3546 334 3596 l:
361 3548 450 3610 lepnnu
467 3548 577 3597 silentia
594 3557 719 3613 rumpet;
746 3550 919 3613 Calpurnium

305 3634 352 3682 ecl,
377 3631 407 3695 1,
439 3631 472 3680 60
504 3648 566 3696 sqq:
601 3633 662 3681 Iuni
689 3650 736 3684 nec
760 3635 920 3683 odrinibruti

306 3717 407 3780 faciem
438 3724 573 3766 mercatus
607 3718 718 3767 lionoris
744 3718 797 3766 Nec
823 3732 919 3766 nocuos

307 3803 404 3851 tacitns
421 3802 507 3864 fasces
525 3808 551 3851 et
568 3804 651 3851 inune
665 3801 788 3849 tribunal
800 3800 920 3863 Accipiet

305 3888 410 3950 consul,
434 3888 479 3935 sed
506 3887 610 3949 lenibus
633 3901 712 3934 enine
735 3886 853 3934 rediretis
876 3884 920 3933 Ius

306 3971 395 4020 oderit
416 3985 575 4032 monentque
599 3970 652 4031 fori
672 3970 830 4032 cultrumque
845 3971 920 4031 prio·

306 4071 365 4104 reni
390 4055 493 4104 Reddet
519 4061 544 4103 et
569 4054 707 4118 afflictioni
732 4055 830 4104 melior
855 4055 920 4102 deris

306 4140 414 4201 auferet
438 4143 559 4202 ocorini‚'
574 4139 719 4187 Mommsen
739 4138 798 4187 StR.
819 4137 854 4185 pp
871 4137 920 4186 106

307 4223 360 4273 Al
382 4221 523 4272 :11²9st

341 4306 376 4372 [p.
385 4305 428 4369 65]
444 4308 663 4356 laboriosissime.
682 4307 750 4355 idem
764 4307 919 4356 vccabulum

307 4392 448 4441 decadem
467 4408 495 4441 re
513 4393 594 4441 habes
612 4391 685 4441 Caes.
704 4391 743 4441 43.
762 4392 828 4456 Aug.
846 4390 885 4440 84.

339 4478 396 4525 suis
422 4492 589 4539 sucorumque
615 4477 710 4526 dietim
737 4477 919 4526 sollemnibus.

307 4561 354 4610 Dio
388 4558 445 4623 (60,
480 4559 509 4623 5,
545 4558 571 4620 7)
603 4559 685 4608 tradit
711 4558 852 4608 Claudium
878 4559 920 4607 ius

306 4646 402 4695 dixisse
426 4645 453 4693 in
478 4645 577 4707 nuptiis
596 4649 623 4692 et
640 4645 777 4706 sponsaliis
796 4643 919 4694 filiarum.

308 4728 345 4779 Gi.
365 4743 471 4793 quoque
490 4729 522 4777 ud
541 4745 561 4778 e.
580 4727 613 4777 12
631 4744 654 4790 p.
673 4728 713 4777 55.

341 4814 426 4875 sestis.
454 4815 549 4862 horum
576 4828 718 4862 numerum
745 4812 871 4863 Claudius
896 4829 919 4863 a.

972 2865 1063 2930 796143
1101 2869 1229 2931 coercuit,
1267 2869 1298 2918 cf.
1332 2869 1379 2917 Dio
1406 2867 1453 2931 60,
1486 2868 1532 2932 17,
1558 2868 1586 2919 1;

970 2949 1036 3016 μετὰ
1068 2949 1098 3002 δὲ
1130 2958 1206 3003 τοῦτο
1231 2980 1264 2988 -
1289 2948 1387 3007 πολλὰς
1413 2948 1462 3016 μὲν
1488 2950 1586 3009 θυσίας

971 3034 1068 3093 πολλὰς
1086 3034 1115 3087 δὲ
1133 3035 1179 3086 καὶ
1198 3036 1350 3101 ἱερομηνίας
1367 3034 1471 3086 ἔπαυσε.

1005 3124 1149 3186 netipiosis.
1177 3124 1208 3171 de
1235 3124 1267 3171 iis
1293 3124 1325 3172 cl.
1353 3121 1419 3172 Gell.
1446 3123 1476 3187 4,
1502 3121 1532 3186 9,
1558 3124 1587 3173 5:

972 3208 1103 3270 Relipiosi
1135 3210 1207 3258 eninr
1242 3209 1372 3256 dictantur
1398 3209 1472 3256 tristi
1497 3211 1591 3258 omine

972 3294 1091 3356 infantes
1115 3293 1309 3355 inipeditiqne,
1334 3295 1365 3341 in
1387 3294 1485 3355 qiribns
1503 3300 1590 3342 eires

972 3379 1080 3427 divinus
1100 3378 1188 3439 facere
1205 3383 1232 3427 et
1245 3392 1302 3426 reni
1316 3379 1479 3440 pironipiani
1490 3393 1589 3427 nonani

973 3463 1096 3511 emordiri
1115 3464 1324 3524 temperandum
1341 3470 1395 3523 est,·
1412 3478 1478 3525 qrros
1493 3464 1590 3512 nirilti-

975 3550 1038 3597 tudo
1065 3549 1259 3611 imperitorum
1284 3562 1366 3609 pruine
1393 3554 1417 3596 et
1441 3562 1589 3609 perperene

973 3633 1093 3693 nefastos
1118 3633 1247 3694 appellat.
1272 3632 1400 3681 Nonnulli
1425 3637 1516 3680 antem
1535 3634 1590 3682 dies

974 3732 1026 3766 non
1052 3717 1147 3765 nefasti
1173 3722 1264 3780 erant,
1290 3731 1455 3780 quamquam
1475 3718 1590 3781 religiosi

974 3799 1018 3863 (cf.
1052 3802 1208 3864 Mnrquardt
1235 3802 1272 3851 St.
1297 3801 1325 3850 V.
1354 3799 1401 3849 111²
1427 3800 1477 3850 295
1502 3802 1524 3851 A
1550 3800 1590 3864 1),

974 3880 1072 3950 quibus
1095 3887 1189 3936 diebus
1213 3887 1339 3935 Claudius
1362 3887 1403 3933 ins
1426 3886 1522 3935 dixisse
1541 3903 1590 3951 pn-

974 3971 1072 4019 taudns
1091 3973 1139 4018 cst.

1006 4056 1163 4104 moderatus
1196 4056 1211 4103 i.
1238 4072 1259 4104 e.
1287 4057 1318 4103 ad
1350 4061 1452 4104 certum
1480 4057 1590 4105 modum

974 4140 1103 4202 redigens.
1114 4139 1170 4197 Quo
1180 4155 1259 4188 sensu
1270 4141 1409 4189 naudus-uri
1416 4141 1485 4202 apud
1495 4141 1590 4191 Sueto-

974 4226 1049 4274 nium
1068 4239 1171 4286 semper
1188 4224 1369 4273 accusativum
1380 4224 1461 4286 regit,
1480 4224 1513 4273 ci.
1523 4225 1589 4288 Aug.

973 4308 1007 4358 13
1020 4324 1170 4358 successum
1184 4309 1312 4357 victoriae
1324 4308 1497 4367 nioderutus;
1516 4308 1590 4357 Dom.

974 4394 1002 4443 7:
1019 4396 1111 4456 pretio
1129 4395 1282 4455 spadonum
1300 4393 1462 4441 nioderrrtns.

1007 4478 1303 4527 nuni-condemnauit.
1313 4491 1359 4538 per
1367 4476 1515 4525 elriasmum
1523 4476 1591 4525 Sue-

974 4563 1062 4611 tonius
1080 4564 1200 4624 exempla
1218 4562 1331 4609 duritiae
1345 4560 1494 4608 lenitatisve
1504 4562 1589 4609 allert.

1006 4647 1068 4707 plns
1086 4646 1200 4706 petendo
1219 4646 1341 4707 sortiente
1360 4646 1531 4694 accidissent.
1558 4647 1590 4695 cl.

973 4729 1055 4779 Gaius
1073 4729 1107 4778 lV
1125 4728 1170 4778 53:
1189 4730 1212 4778 si
1231 4730 1293 4791 quis
1311 4729 1463 4778 intentione
1478 4726 1589 4791 p[t]u[s]

973 4814 1128 4875 complemus
1154 4811 1267 4875 su[er]it
1293 4811 1488 4875 [conscendit]
1507 4815 1591 4863 idest
