3322 5512
759 353 797 410 46

140 532 195 613 nis
228 536 330 614 modo
364 561 406 612 ac
444 537 705 611 centurionibus
739 538 862 634 paucis
895 560 914 610 e
949 536 1202 610 coniuratorum
1229 523 1264 606 in
1290 534 1418 607 Gaium

140 687 283 738 numero
308 663 542 758 interemptis,
570 662 722 758 exempli
748 662 850 735 simul
878 684 987 735 causa
1003 669 1037 735 et
1053 661 1147 756 quod
1164 684 1265 734 suam
1282 683 1420 755 quoque

141 789 281 863 caedem
322 788 569 886 depoposcisse
611 795 832 883 cognoverat.
879 785 1087 860 Conversus
1115 786 1196 860 hinc
1229 785 1275 859 ad
1309 785 1421 858 officia

141 914 296 1011 pietatis,
342 913 398 986 ius
440 912 625 986 iurandum
664 935 777 1007 neque
814 911 970 985 sanctius
1008 910 1073 983 sibi
1112 933 1226 1005 neque
1264 909 1420 983 crebrius

140 1037 286 1113 instituit
322 1061 428 1134 quam
466 1061 528 1134 per
562 1038 772 1132 Augustum.
811 1035 926 1109 Aniae
956 1034 1082 1108 Liviae
1107 1034 1245 1108 divinos
1270 1035 1420 1108 honores

180 1235 296 1313 loseph.
323 1237 392 1295 Ant.
418 1233 484 1294 Iad.
512 1234 605 1308 XIX,
635 1236 669 1307 4,
699 1236 733 1307 5,
764 1234 829 1292 268
855 1251 898 1308 aq.
942 1231 1092 1302 Κλοιύδιος
1116 1231 1147 1295 δὲ
1171 1269 1215 1280 -
1236 1232 1419 1307 ουνοινοιγὼν

141 1343 208 1413 τοὺς
231 1340 364 1421 ἐποιίρους
386 1346 493 1422 ψῆφον
514 1340 652 1404 οὶνεδίδου
670 1339 737 1419 περὶ
755 1337 897 1419 Χιιιρέου,
922 1345 983 1409 τοῖς
999 1339 1031 1401 δὲ
1047 1338 1080 1402 πὸ
1098 1339 1154 1415 μὲν
1172 1336 1257 1418 ἔργον
1277 1338 1420 1418 λαμπρὸν

143 1447 250 1523 ἐδόκει,
274 1445 420 1512 decuriae
445 1448 470 1511 δ’
495 1446 666 1511 ἐπεκοὶλουν
691 1447 731 1525 τῷ
757 1444 935 1525 πεπροιχόπι
956 1445 1007 1510 aai
1024 1446 1105 1525 αὐτῷ
1122 1443 1265 1526 πιμοιρίοιν
1282 1445 1419 1522 ε’πιβοὶλ-

144 1571 202 1619 λειν
235 1555 345 1619 δι’κοιιον
377 1555 503 1630 ἡγοῦντο
528 1555 577 1616 ἐπ’
602 1554 763 1632 οὶποτροπῇ
788 1559 839 1616 ποῦ
863 1550 1033 1628 μέλλοντος
1058 1549 1174 1631 χρόνον.
1207 1551 1349 1627 ἀπήγετο
1374 1548 1421 1616 οὖν

144 1663 195 1736 τὴν
220 1662 271 1727 ε’πδ
295 1655 421 1741 &andra
445 1661 497 1725 κου’
521 1661 571 1725 σὺν
596 1661 677 1739 adra]
702 1660 849 1731 Λοῦππός
872 1683 906 1723 πε
929 1659 982 1723 aa}
1005 1658 1156 1736 Ῥυμιιίιον
1182 1657 1311 1731 πλείους.

182 1769 242 1829 Dio
265 1772 319 1844 60,
342 1770 377 1843 3,
399 1770 419 1827 4
440 1795 480 1818 =
503 1768 574 1827 Zon.
597 1767 650 1826 XI
668 1770 688 1825 8
703 1786 736 1843 ρ.
757 1769 826 1826 461.
869 1765 918 1840 riu
947 1765 1004 1844 μὲν
1036 1760 1083 1829 οὖν
1108 1763 1238 1846 Χοιιρέοιν
1262 1765 1316 1830 ual
1337 1789 1423 1837 πινιις

145 1873 274 1951 ἄλλους,
299 1875 407 1956 κοιίπερ
433 1875 514 1939 πάνυ
535 1873 586 1938 ἐπὶ
604 1874 645 1953 τῷ
663 1880 714 1938 τοῦ
731 1872 821 1937 Γοιΐον
837 1871 966 1953 Savatra
984 1870 1105 1947 ἡσθείς,
1130 1869 1208 1949 ὅμως
1223 1871 1421 1937 οἱπέκπεινεν·

146 1985 175 2048 οὐ
198 1984 259 2063 γὰρ
284 1979 328 2048 ὅτι
351 1986 406 2058 πὲρι
431 1983 530 2062 ἀρχὴν
555 1981 605 2045 διοὶ
628 1983 682 2055 τὴν
708 1980 817 2045 ἐκείνου
843 1983 952 2063 προῖξιν
978 1980 1097 2062 εἰλήφει
1121 1980 1213 2060 χοέριν
1237 1981 1318 2060 adra]
1342 1981 1422 2061 pidet,

146 2091 217 2154 ἀλλ’
249 2087 293 2155 ὅτι
325 2089 492 2167 ἐτόλμησεν
521 2087 729 2168 οιύτοκροὶποροι
758 2086 947 2169 οὶποοφοὶξοιι
971 2085 1180 2167 ἐδυσχέραινε,
1213 2085 1365 2167 πόρρωθεν
1390 2087 1423 2151 ad

146 2195 219 2262 καθ’
252 2197 357 2261 {aaran
390 2198 420 2268 ἐς
451 2195 631 2277 ἀσφάλειον
663 2193 871 2275 προορώμενος.
906 2192 1021 2276 ἔπροιξε
1052 2193 1084 2256 δὲ
1112 2199 1199 2258 τοῦτο
1228 2195 1287 2274 οὐχ
1311 2194 1348 2265 ὡς
1372 2194 1423 2258 κιο)

147 2305 184 2384 τῷ
209 2304 288 2384 Γοιΐῳ
313 2305 464 2384 τιμωρῶν,
488 2304 563 2366 ἀλλ’
588 2303 625 2373 ὡς
648 2301 744 2380 {aare}
769 2300 1034 2378 ε’πιβονλεύοοινποι
1058 2300 1149 2364 ababa
1174 2301 1289 2378 λοιβών.

159 2412 299 2500 damph.
321 2414 391 2471 Ant.
413 2410 477 2470 Iud.
500 2410 581 2468 XIX
587 2454 594 2479 ‚
614 2411 636 2484 ,6
661 2411 734 2467 258.
777 2411 789 2471 ο“
814 2406 944 2488 Χοιιρὲοις
968 2406 1117 2491 ὠνείδιζεν
1142 2408 1319 2477 adrationari
1336 2405 1424 2489 ἕτεροι

149 2518 252 2582 πολλοὶ
276 2524 422 2590 catedra,
447 2518 499 2590 τήν
524 2541 558 2579 πε
582 2517 725 2595 κεφαλὴν
750 2521 862 2591 κομιεῖν
887 2520 938 2578 ποῦ
963 2513 1124 2578 Klaudiou.

148 2744 240 2804 tradit,
260 2758 340 2806 quem
358 2742 498 2791 tribunum
513 2740 594 2789 fnisse
606 2739 676 2788 idem
686 2740 762 2788 docet

147 2826 218 2889 (Aut.
236 2828 292 2876 Iud.
309 2826 369 2876 XIX
387 2823 489 2887 §latu
504 2820 615 2873 Ἰούλιον
632 2821 761 2872 Λοῦππον

147 2907 273 2975 ἐκπέμπει
291 2908 336 2961 ἕνα
354 2914 408 2959 τῶν
424 2905 579 2974 χιλιάρχων.

179 2997 295 3060 eaeempli
327 3011 418 3045 caasa.
448 2992 487 3043 ὅτι
515 2990 656 3057 ἐτόλμησεν
682 2988 760 3041 αὖτο-

147 3076 264 3144 κράνορα
289 3074 442 3142 ἀποσφάξαι
473 3084 504 3128 ut
532 3079 580 3128 Dio
606 3077 658 3139 (60,
684 3076 708 3139 3,
734 3076 761 3138 l)

147 3166 223 3230 dicit,
240 3166 272 3215 cf.
290 3164 350 3214 Tac.
368 3163 434 3214 Hist.
452 3163 521 3212 144.

179 3264 259 3298 cuam
284 3248 392 3298 caedem
417 3249 608 3310 depoposcisse.
636 3249 668 3298 cf.
688 3249 760 3298 Iose-

148 3335 214 3396 pbus
237 3333 298 3382 Ant.
321 3333 377 3382 Iud.
400 3333 461 3381 XIX
485 3330 578 3396 5258,
605 3334 651 3396 qui
674 3332 761 3383 Chae-

148 3433 218 3468 ream
246 3419 295 3467 hoc
321 3418 390 3480 apud
418 3417 517 3467 milites
535 3417 652 3466 urbanos
669 3418 761 3467 fecisse

149 3504 234 3552 tradit.
262 3501 335 3560 Quae
353 3501 440 3550 Victor
457 3499 530 3550 Caes
547 3502 583 3550 Ill
600 3501 616 3550 6
633 3501 762 3561 (Interim

148 3588 213 3636 dum
235 3592 346 3636 cenatas
364 3586 469 3635 decreto
486 3593 595 3649 pentem
614 3586 761 3636 Caesarum

149 3672 230 3720 etiam
247 3670 376 3720 naaliebre‘
394 3685 473 3732 sema,
491 3685 654 3734 carnemque
665 3672 760 3734 affini-

150 3761 231 3805 tatem
247 3756 351 3804 armati
366 3756 580 3818 persequantur)
604 3762 631 3805 et
654 3755 762 3806 Orosius

150 3839 194 3890 VII
220 3839 251 3904 6,
277 3838 294 3888 3
320 3826 455 3901 (canuae
481 3842 627 3890 everrenda
651 3843 762 3903 penitae

152 3923 298 3974 Caesarum
321 3926 451 3974 universa
475 3925 586 3987 fanaile'a
610 3931 719 3974 senatun
736 3932 762 3974 et

149 4010 268 4059 macules
309 4007 498 4070 decreuissent)
531 4010 712 4072 tradiderunt,
747 4025 763 4059 a

151 4096 223 4143 nullo
265 4093 316 4142 alio
355 4099 463 4143 auctore
498 4091 704 4154 confirmantur,
736 4097 763 4141 et

152 4178 319 4228 verisimilius
343 4179 409 4227 mihi
427 4179 546 4240 videtur,
571 4178 637 4226 tales
655 4183 762 4226 senten-

151 4264 199 4312 tias
222 4262 256 4312 ab
280 4263 312 4312 ils
330 4263 377 4326 qni
394 4262 492 4311 liberae
510 4262 547 4311 rei
566 4261 686 4325 publicae
705 4266 762 4310 stu-

152 4347 243 4397 derent
275 4347 302 4396 in
335 4352 430 4397 senatu
463 4347 546 4397 dictas
578 4362 649 4410 esse,
681 4361 763 4409 qnam

151 4438 273 4483 senatum
307 4435 459 4482 consultum
491 4433 519 4480 in
552 4432 624 4480 hunc
655 4432 763 4480 mo'dnrn

152 4519 252 4568 lactum
269 4533 334 4567 esse.

183 4603 257 4652 nibil
282 4603 410 4652 sanctius.
446 4617 502 4650 mos
537 4605 657 4651 veterum
693 4606 764 4662 erat,

152 4692 182 4736 ut
198 4702 245 4750 per
257 4701 320 4736 eum
339 4687 419 4736 deum
437 4687 571 4749 iurarent,
589 4700 670 4748 quem
688 4699 764 4748 prae-

152 4772 226 4834 cipue
244 4771 400 4835 deligerent.
418 4772 527 4821 Pietatis
544 4776 572 4820 et
584 4771 764 4821 observantiae

153 4853 257 4905 Claudii
273 4856 302 4904 in
320 4855 474 4919 Augustum
492 4856 544 4905 alia
561 4870 668 4918 quoque
683 4855 764 4904 docu-

816 2743 908 2788 menta
934 2739 1071 2788 habemns.
1098 2738 1140 2789 Sic
1156 2738 1284 2789 Claudius
1302 2756 1426 2790 nummos

815 2825 896 2887 cnsit,
915 2823 1026 2886 (Eckbel
1044 2826 1073 2874 D.
1092 2825 1124 2874 N.
1142 2824 1175 2873 Vl
1193 2823 1267 2888 235),
1285 2824 1426 2888 inquibus

814 2910 938 2958 sacerdos
955 2909 1013 2975 diui
1028 2909 1147 2971 depasti
1165 2911 1321 2972 appellatur.
1346 2910 1426 2959 Prae-

814 3000 887 3042 terea
902 2994 1004 3042 Plinius
1021 2991 1063 3055 (H.
1082 2994 1113 3043 N.
1131 2992 1177 3052 35,
1195 2992 1241 3057 36,
1259 2993 1303 3054 el)
1322 3001 1426 3057 narrat,

816 3077 956 3127 Clanrlinm
981 3079 1008 3127 in
1026 3079 1130 3128 duabus
1148 3079 1246 3128 tabulis
1263 3078 1362 3141 Apellis
1380 3094 1426 3141 pro

815 3163 901 3212 excisa
943 3163 1086 3211 Alexandri
1128 3164 1217 3227 Magni
1257 3163 1337 3226 facie,
1372 3163 1425 3212 divi

816 3247 929 3311 Augusti
946 3247 1091 3311 imaginem
1109 3248 1269 3311 plngendam
1287 3248 1426 3297 curavisse.

848 3333 1031 3382 AntaeLa'viae
1040 3333 1145 3381 dicium
1155 3333 1275 3382 bonores.
1290 3337 1347 3394 post
1356 3347 1426 3381 mor-

815 3423 870 3467 tem
889 3417 989 3480 bidae,
1007 3415 1088 3479 (qnae
1107 3417 1166 3465 viva
1184 3417 1237 3466 iam
1250 3417 1277 3465 in
1290 3417 1427 3479 provinciis

816 3505 880 3553 deae
909 3504 1021 3551 bonores
1044 3507 1193 3564 acceperat,
1222 3502 1427 3552 &Hirschfeld

816 3587 894 3637 Sitzb.
919 3589 987 3637 Berl.
1010 3587 1089 3638 Acad.
1107 3586 1172 3636 1888
1190 3604 1213 3650 p.
1231 3587 1264 3636 la
1281 3587 1311 3637 A.
1329 3587 1369 3636 52.
1387 3587 1426 3636 54.

816 3671 843 3721 O.
853 3673 872 3720 1.
883 3673 909 3720 Il.
929 3673 951 3721 X
970 3671 1035 3721 7464
1045 3688 1074 3716 =
1085 3674 1157 3722 Dess.
1167 3689 1192 3721 n.
1202 3671 1259 3722 119.
1276 3671 1396 3721 Tiberius
1412 3686 1428 3720 a

816 3762 910 3805 senatu
943 3757 1055 3819 petierat
1086 3771 1120 3805 ne
1152 3758 1177 3805 ei
1208 3756 1289 3805 diuini
1316 3757 1429 3804 honores

816 3842 1036 3901 decernerentur,
1053 3841 1085 3890 ci.
1096 3840 1155 3890 Tac.
1168 3841 1235 3889 Ann.
1250 3840 1279 3903 V,
1297 3840 1326 3889 2:
1346 3840 1428 3890 bono·

816 3939 912 3988 resque
934 3926 1085 3974 raemoriae
1108 3925 1165 3974 eius
1189 3925 1222 3973 ab
1240 3930 1336 3974 senatu
1353 3926 1429 3986 larqe

816 4012 933 4060 decretos
946 4010 1024 4071 quasi
1035 4024 1087 4072 per
1099 4011 1261 4059 modestiam
1272 4011 1429 4072 inantiaait,

815 4096 912 4157 paucis
941 4095 1090 4142 admodum
1119 4097 1233 4157 receptis
1265 4101 1290 4143 et
1320 4095 1428 4157 addito,

817 4194 850 4228 ne
880 4179 1000 4227 caelestis
1032 4179 1130 4238 relipr'o
1161 4178 1365 4227 decerneretur:
1392 4179 1430 4226 sic

816 4265 907 4325 ipsam
939 4264 1076 4311 maluisse.
1112 4261 1184 4311 Suet.
1217 4262 1273 4311 Tib.
1304 4260 1344 4311 51.
1382 4263 1429 4311 Dio

817 4346 862 4409 58,
881 4347 909 4409 2,
928 4346 951 4396 l.

850 4431 871 4480 A
898 4430 1008 4480 Claudio
1034 4436 1124 4480 tamen
1151 4436 1304 4480 consecrata
1323 4436 1377 4494 est,
1403 4436 1430 4480 et

818 4517 925 4580 quidem
946 4517 969 4564 d.
987 4515 1058 4564 XVII
1077 4530 1110 4564 m.
1129 4516 1185 4565 Ian.
1204 4516 1267 4565 anni
1285 4520 1315 4564 nt
1326 4516 1431 4564 videtur

818 4599 917 4664 795l42,
925 4602 957 4649 ef.
965 4601 1030 4650 Acta
1037 4601 1067 4649 ir.
1076 4601 1135 4648 Arv.
1142 4598 1259 4661 (Henzen
1269 4615 1292 4662 p.
1303 4598 1357 4661 LV)
1364 4615 1394 4642 =
1402 4598 1429 4648 C.

819 4687 837 4734 1.
856 4686 883 4735 1..
903 4686 935 4734 VI
953 4684 1034 4734 2032:
1052 4685 1077 4732 X
1081 4684 1118 4733 VI
1130 4682 1282 4746 btalendaa)
1295 4684 1319 4733 F
1319 4682 1430 4745 ebr(ua·

818 4770 887 4831 rias)
907 4768 949 4832 [ob
967 4768 1206 4831 cousecr]atioaem
1223 4771 1300 4819 divae
1311 4766 1385 4831 Aac(
1419 4796 1430 4806 -

821 4855 873 4916 tae)
906 4852 959 4916 tIa]
988 4851 1101 4916 tem[plo
1121 4852 1200 4915 aava]
1223 4854 1286 4902 diruo
1309 4852 1431 4915 Aaqasto
