3322 5512
929 307 966 363 58

93 489 132 564 G.
161 493 215 564 12.
307 490 474 563 Tribunis
507 490 621 587 plebis
654 490 865 564 adeuntibus
899 515 937 565 se
971 514 1034 587 pro
1068 492 1232 566 tribunali
1259 493 1459 586 excusavit,
1491 493 1587 588 quod

305 626 446 712 propter
480 616 663 710 angustias
698 638 765 689 non
801 628 920 713 posset
954 616 1076 690 audire
1110 640 1170 691 eos
1195 617 1261 690 nisi
1288 626 1429 691 stantes.
1468 621 1587 707 Quare

305 740 340 812 in
378 740 476 813 brevi
515 739 627 835 spatio
665 749 799 813 tantum
837 741 967 815 amoris
1004 741 1204 837 favorisque
1238 742 1396 838 collegit,
1436 752 1474 817 ut
1507 766 1587 816 cum

305 868 496 961 profectum
535 889 612 938 eum
652 865 789 938 Ostiam
827 865 961 962 perisse
1000 891 1042 939 ex
1076 867 1212 940 insidiis
1246 868 1440 942 nuntiatum
1476 877 1587 959 esset,

306 1014 436 1085 magna
461 991 738 1064 consternatione
764 991 914 1087 populus
940 1001 974 1064 et
1000 991 1144 1065 militem
1169 992 1270 1087 quasi
1297 992 1526 1089 proditorem,
1553 1003 1588 1066 et

306 1124 465 1189 senatum
498 1115 599 1210 quasi
634 1115 842 1212 parricidam
876 1115 961 1188 diris
995 1116 1272 1190 execrationibus
1307 1117 1482 1190 incessere
1517 1140 1586 1191 non

305 1249 387 1314 ante
400 1240 587 1333 destiterit,
609 1264 713 1335 quarn
728 1264 819 1314 unus
832 1250 938 1336 atque
950 1241 1039 1314 alter
1056 1252 1091 1314 et
1109 1265 1187 1314 mox
1206 1243 1343 1337 plures,
1366 1243 1585 1338 amagistra-

306 1365 399 1439 tibus
425 1365 459 1438 in
486 1375 600 1439 rostra
625 1366 802 1463 producti,
829 1367 966 1439 salvum
994 1377 1029 1439 et
1054 1366 1341 1462 appropinquare
1360 1368 1583 1441 affirmarent.

353 1491 456 1564 XIII.
507 1492 582 1564 Nec
608 1500 723 1565 tamen
751 1515 877 1587 expers
903 1490 1106 1564 insidiarum
1134 1514 1245 1587 usque
1271 1516 1410 1587 quaque
1428 1516 1587 1588 perman-

306 1615 368 1706 sit,
404 1616 468 1689 sed
501 1625 535 1689 et
561 1641 583 1689 a
608 1616 757 1712 singulis
783 1626 818 1690 et
842 1640 905 1713 per
930 1616 1114 1690 tactionem
1142 1625 1176 1689 et
1202 1615 1351 1713 denique
1377 1616 1469 1690 civili
1495 1618 1588 1691 bello

305 1741 489 1814 infestatus
514 1750 575 1815 est.
604 1743 634 1814 ll
660 1742 762 1837 plebe
787 1741 888 1814 homo
914 1749 1013 1815 nocte
1038 1740 1154 1814 media
1179 1741 1277 1814 iuxta
1295 1741 1493 1815 cubiculum
1512 1743 1588 1815 eius

306 1889 385 1939 cum
409 1866 562 1961 pugione
588 1866 828 1962 deprehensus
854 1875 923 1954 est3
950 1866 1076 1962 reperti
1105 1875 1139 1939 et
1165 1868 1338 1961 equestris
1363 1867 1495 1940 ordinis
1516 1868 1587 1942 duo

305 1990 339 2062 in
365 1991 503 2087 publico
528 2015 607 2064 cum
634 1991 759 2064 dolone
785 2016 827 2065 ac
852 1994 1031 2064 venatorio
1057 1992 1167 2065 cultro
1192 1993 1465 2087 praestolantes,
1492 1993 1583 2066 alter

347 2145 406 2204 Dio
430 2148 605 2220 60,18,4.
648 2144 702 2208 aa!
731 2169 775 2216 τις
807 2146 835 2206 s'r
860 2145 1035 2223 τούτῳτῶν
1060 2143 1194 2217 ἱππέων,
1219 2145 1256 2215 ὠς
1281 2145 1583 2223 κκλὲπιβουλεύσκς

305 2254 346 2334 τῷ
382 2253 541 2332 Κλαυδίῳ,
573 2252 656 2317 aava
687 2257 739 2316 τοῦ
772 2251 965 2316 Kamsantos
996 2251 1056 2316 ὑπό
1089 2275 1123 2315 τε
1155 2255 1211 2316 τῶν
1245 2251 1411 2332 δημάρχων
1444 2252 1496 2316 aab
1528 2254 1586 2317 τῶν

305 2359 428 2424 ὑπάτων
453 2352 710 2439 κατεκρημνίσθη.

348 2468 426 2527 Soet.
454 2467 536 2528 Otto.
561 2471 581 2526 l.
624 2486 713 2544 quam
734 2466 882 2545 (gratiam)
902 2471 1018 2525 mature
1039 2467 1227 2542 recuperavit
1247 2465 1337 2544 (Otho
1356 2466 1451 2543 pater)
1467 2467 1585 2527 detecta

306 2575 417 2652 equitis
433 2576 467 2634 R.
479 2576 599 2649 fraude,
615 2593 704 2652 quern
714 2574 910 2652 prodentibus
922 2574 1016 2632 servis
1027 2592 1129 2632 necem
1143 2573 1268 2633 Claudio
1278 2592 1383 2651 parare
1394 2581 1586 2651 compererat.

349 2684 411 2742 Tac.
434 2685 514 2742 Aua.
545 2681 598 2742 XI
622 2685 673 2740 22.
715 2683 833 2741 Interea
861 2682 971 2740 Romae
1000 2680 1092 2739 nullis
1119 2681 1217 2757 palam
1245 2699 1342 2758 neque
1369 2681 1496 2756 cognitis
1519 2700 1588 2741 mox

305 2790 418 2863 causis,
447 2790 500 2850 On.
528 2790 659 2864 Nonius,
687 2807 779 2867 eques
807 2789 958 2848 Romanus
986 2788 1064 2847 ferro
1092 2787 1245 2847 accinctus
1272 2787 1421 2864 reperitur
1447 2788 1479 2846 in
1500 2794 1588 2848 coetu

306 2898 487 2956 salutantum
515 2897 690 2974 principem.
721 2895 797 2954 Nam
825 2901 982 2973 postquam
1004 2896 1160 2953 tormentis
1181 2895 1393 2969 dilaniabatur,
1416 2896 1453 2954 de
1475 2913 1507 2955 se
1529 2913 1587 2954 non

306 3003 452 3080 infitiatus
473 3003 607 3063 conscios
628 3021 687 3062 non
709 3002 819 3076 edidit,
840 3003 986 3060 Incertum
1008 3020 1044 3059 an
1068 3001 1230 3060 occultans.

305 3205 457 3267 imperatori
485 3205 610 3267 plaudere
633 3203 767 3265 solebant,
790 3203 821 3251 cs.
844 3200 916 3251 Ovid.
971 3201 1046 3263 Appii
1064 3199 1147 3249 Silani
1164 3202 1192 3249 In
1209 3201 1317 3250 iratum
1334 3201 1458 3250 cecidisse
1475 3200 1521 3259 so,
1538 3200 1586 3266 15,

305 3304 337 3338 ex
372 3289 454 3338 Ponto
488 3289 526 3352 ll,
559 3287 589 3352 1,
620 3287 666 3337 35:
701 3303 808 3351 qaoque
839 3288 916 3347 ierit,
971 3284 1036 3333 I:
1055 3286 1115 3334 Zon.
1133 3286 1169 3334 XI
1186 3284 1203 3334 9
1221 3302 1245 3349 p.
1263 3284 1325 3336 463:
1345 3281 1544 3349 τελευτήσαντος
1557 3281 1587 3335 δὲ

306 3370 414 3435 (victor)
432 3374 502 3435 felia
518 3375 655 3423 adiectum
670 3373 813 3436 plausibus
831 3387 917 3420 onaan.
972 3367 1064 3418 τούτου
1083 3365 1171 3418 οὐκέτι
1188 3365 1307 3434 χρηστὴν
1319 3365 1411 3418 ἐλπίδα
1424 3367 1451 3418 οἱ
1458 3367 1586 3433 Ῥωμαῖοι

306 3457 344 3508 ct.
363 3458 424 3508 Sitti
442 3459 458 3507 l.
476 3459 493 3507 l.
512 3459 576 3507 Add.
595 3476 618 3521 p.
636 3456 692 3507 365.
972 3459 1017 3504 τοῦ
1043 3452 1178 3504 Κλαυδίου
1205 3451 1297 3519 ἔσχον,
1322 3450 1376 3503 ἀλλ’
1405 3450 1489 3509 εὐθὺς
1512 3451 1586 3519 αὐτῷ

339 3543 486 3592 Mommsen
504 3543 576 3605 (sta.
596 3541 619 3591 1³
635 3541 684 3591 398
702 3543 723 3591 A
741 3538 838 3591 1:1²
856 3539 917 3601 382)
971 3536 1172 3605 ἐπεβούλευσαν.

305 3627 446 3678 Claudium
464 3644 525 3678 curn
544 3629 638 3691 populo
656 3629 705 3677 hoc
721 3627 813 3676 fecisse
828 3630 918 3689 putat,
1005 3626 1332 3689 militene-proditorem.
1350 3627 1469 3688 princeps
1487 3630 1518 3674 ut
1535 3626 1587 3675 im-

306 3712 506 3777 magistratibus
530 3728 590 3762 cum
618 3727 713 3776 pompa
738 3711 847 3762 circensi
867 3711 916 3759 cir·
972 3715 1076 3773 perator
1087 3725 1191 3773 semper
1203 3711 1301 3759 milites
1314 3711 1414 3759 circum
1427 3725 1454 3759 se
1464 3709 1587 3760 habebat.

305 3812 366 3846 cum
389 3798 564 3860 intrantibus,
588 3812 680 3846 uerum
705 3813 755 3846 non
780 3798 866 3846 solum
885 3797 917 3844 de
1001 3796 1181 3858 parricidam.
1207 3796 1240 3845 cf.
1264 3794 1316 3846 (lic.
1340 3796 1407 3844 Phil.
1432 3793 1519 3858 1113,
1540 3792 1586 3845 31:

305 3883 375 3931 ludis
406 3882 580 3944 circensibuS,
612 3882 656 3931 sed
683 3881 763 3930 etiarn
790 3881 821 3929 de
848 3880 917 3928 ludis
969 3882 1033 3943 plus·
1056 3895 1140 3944 qaum
1164 3881 1291 3943 sicambe,
1313 3880 1376 3942 plus
1393 3893 1479 3941 qaam
1496 3879 1586 3929 bomi-

305 3967 414 4016 scenicis
431 3967 603 4030 eogItandum
621 3980 678 4015 esse
696 3971 766 4029 pute.
971 3967 1060 4028 eidos,
1076 3967 1139 4028 plus
1157 3967 1241 4014 ettam
1259 3978 1343 4026 qaam
1353 3963 1509 4026 parricidas
1519 3979 1587 4027 esse,

342 4051 613 4101 Trebonio-stantes.
639 4051 671 4100 el.
696 4049 761 4098 Pliu.
780 4049 824 4111 Ep.
843 4045 916 4109 123,
971 4051 1110 4113 etquidem
1126 4056 1165 4100 est
1182 4050 1301 4098 atrocius
1317 4049 1427 4111 paratae
1442 4055 1587 4110 parentem

306 4137 335 4186 2:
353 4138 411 4198 ipse
428 4151 490 4185 cara
508 4137 632 4185 tribunus
647 4133 917 4197 esserra—abstinui
971 4148 1056 4196 qaam
1073 4149 1154 4183 saum
1172 4133 1299 4182 cecidere.
1317 4132 1376 4182 Tac.
1394 4132 1462 4183 Ann.
1480 4132 1526 4182 XV
1540 4132 1586 4183 73:

306 4223 393 4270 causis
410 4221 539 4284 spondis:
555 4246 589 4254 —
607 4221 679 4284 qaod
698 4219 822 4281 deforme
840 4217 916 4266 arbi·
972 4219 1124 4268 Gallionem
1141 4244 1174 4250 -
1192 4218 1294 4266 hostem
1313 4223 1339 4265 et
1351 4217 1524 4279 parricidam
1543 4231 1587 4266 vo-

308 4306 413 4369 trabar,
437 4306 481 4354 cai
506 4320 661 4368 assarqere,
688 4305 732 4353 cat
754 4305 808 4352 loce
825 4303 917 4351 cedere
970 4299 1586 4354 ausona.111427=ness.n.430:...

306 4404 398 4440 curaer
420 4396 568 4453 oporteret,
593 4391 664 4439 banc
680 4390 804 4439 coraibus
822 4388 916 4437 sedea-
971 4387 1042 4452 spes]
1059 4388 1251 4451 parricidiales
1271 4383 1498 4448 lasid[iatoram].

307 4475 377 4524 tibus
393 4480 472 4524 stare.
491 4475 560 4524 Plut.
579 4473 598 4523 C
625 4473 734 4523 Graech.
751 4471 774 4521 3.
1004 4469 1587 4536 aaraqtsrraaoasproducatutsaepeintali

339 4542 442 4612 ancoris·
474 4559 637 4620 fauorisque.
673 4559 719 4608 Dio
751 4574 813 4608 curn
844 4557 917 4608 Suet.
971 4573 998 4607 re
1008 4560 1108 4608 facturn
1119 4562 1166 4621 est,
1177 4552 1586 4619 cte.g.Liv.27,50‚9.11;51‚5.

305 4645 473 4693 consentiens
503 4644 586 4692 tradit
617 4642 759 4692 Claudium
783 4644 857 4693 initio
884 4644 917 4693 ab
1004 4644 1106 4692 dolone.
1130 4643 1162 4691 cf.
1187 4641 1300 4704 Hesyeb.
1324 4635 1438 4692 δόλωνες
1457 4654 1465 4687 ;
1482 4635 1586 4702 ξιφίδια

306 4729 430 4779 omnibus
451 4714 590 4777 laudatum
608 4729 704 4791 fuisse,
730 4733 819 4791 postea
844 4729 918 4777 addit
970 4724 998 4776 ἐν
1015 4723 1102 4785 ξύλοις
1120 4722 1356 4788 ἀποκεκρύμμενα.

306 4830 366 4867 mox
393 4815 462 4867 hane
487 4828 560 4881 spem
587 4814 740 4880 praesertIm
766 4814 799 4866 ob
825 4828 917 4866 necem
1004 4815 1137 4880 equestris
1155 4812 1261 4862 ordiale
1280 4811 1341 4858 dac.
1368 4811 1465 4859 alteras
1489 4823 1520 4866 ex
1545 4808 1586 4866 bis
