3322 5512
915 361 972 420 102

206 605 213 620 .
304 547 559 644 respondisset:
599 556 661 620 aut
697 573 767 621 aaa
804 571 917 642 neque
955 557 1033 643 post
1066 548 1157 620 hanc
1191 569 1310 620 vocem
1345 546 1447 641 quasi
1481 545 1586 618 nenia

303 674 387 746 data
421 673 607 770 quisquam
641 673 806 747 dimicare
840 673 963 767 vellet,
998 674 1059 747 diu
1093 681 1277 746 cunctatus
1302 696 1348 745 an
1373 671 1487 744 omnis
1512 669 1585 765 igni

303 801 463 893 ferroque
489 799 706 885 absumeret,
731 799 874 872 tandem
899 822 919 872 e
944 799 1028 873 sede
1054 823 1120 872 sua
1144 798 1305 894 prosiluit
1331 822 1372 871 ac
1397 819 1460 893 per
1476 794 1585 868 ambi·

303 934 376 998 tum
393 925 492 997 lacus
509 945 576 996 non
596 923 670 996 sine
688 923 792 996 foeda
810 923 1030 997 vacillatione
1048 924 1264 1014 discurrens,
1281 925 1408 1020 partim
1420 921 1586 994 minando

304 1047 429 1144 partim
455 1047 671 1120 adhortando
697 1047 743 1120 ad
768 1071 922 1143 pugnarn
949 1047 1122 1144 compulit.
1148 1049 1226 1120 Hoc
1244 1048 1443 1142 spectaculo
1461 1045 1587 1120 classis

305 1172 423 1247 Sicula
441 1180 475 1246 et
491 1172 631 1245 Rhodia
650 1181 913 1265 concurrerunt,
939 1172 1179 1246 duodenarum
1197 1171 1389 1246 triremium
1407 1170 1586 1266 singulae,

304 1298 460 1371 exciente
494 1296 621 1369 bucina
653 1297 799 1371 Tritone
832 1306 1016 1392 argenteo,
1051 1297 1111 1393 qui
1137 1297 1295 1370 emedio
1321 1298 1401 1370 lacu
1426 1319 1490 1392 per
1514 1318 1587 1366 ma·

304 1422 442 1496 chinam
468 1429 665 1496 emerserat.

352 1547 473 1619 XXII.
525 1546 708 1635 Quaedam
735 1547 827 1620 circa
852 1547 1081 1621 caerimonias
1107 1547 1315 1643 civilemque
1341 1555 1375 1619 ct
1400 1544 1588 1617 militarem

304 1694 451 1760 morem,
489 1671 572 1745 item
611 1671 702 1745 circa
740 1672 894 1745 omnium
933 1672 1094 1745 ordinum
1133 1682 1262 1746 statum
1301 1669 1394 1744 domi
1432 1668 1588 1764 forisque

304 1908 432 1958 tationem
465 1923 575 1972 pompae
606 1908 776 1973 gladiatoriae
802 1923 863 1973 prae
890 1924 918 1959 se
972 1915 1109 1966 auctores,
1133 1910 1179 1973 qui
1197 1913 1353 1972 supersunt,
1377 1907 1469 1971 proelii
1487 1906 1589 1954 navalis

303 1995 403 2044 ferunt.
972 1997 1042 2062 inter
1057 1996 1172 2045 Rhodios
1184 2000 1212 2044 et
1224 1993 1326 2044 Siculos
1338 1992 1471 2043 commissi
1482 1993 1588 2040 nullam

337 2084 386 2127 aut
400 2093 463 2128 aaa.
482 2094 516 2128 sc.
527 2079 657 2128 morituri,
675 2080 715 2128 lta
723 2084 794 2129 recte
804 2079 918 2129 Rothius
972 2080 1135 2130 mentionem
1162 2079 1277 2140 faciunt,
1302 2079 1394 2142 negari
1418 2081 1511 2126 tamen
1535 2092 1588 2125 non

303 2164 386 2213 edidit
414 2163 607 2214 Memmianum
628 2164 720 2213 Medic.
738 2164 848 2213 tertium
867 2163 917 2212 Pa·
972 2171 1058 2230 potest
1082 2167 1136 2214 tale
1161 2163 1290 2227 proelium
1317 2162 1448 2212 committi
1471 2162 1589 2224 potuisse

304 2249 416 2298 risinum
439 2246 506 2297 6116
531 2252 639 2297 secutus
656 2263 701 2311 pro
719 2250 829 2312 vulgata
845 2253 919 2296 arete
973 2255 1001 2300 et
1030 2251 1052 2300 si
1079 2251 1258 2299 coniecturam
1284 2248 1315 2296 de
1342 2248 1392 2296 hac
1417 2261 1445 2295 re
1470 2247 1590 2310 prolerre

304 2349 350 2383 vos
373 2346 455 2395 quarn
479 2332 581 2382 codices
603 2334 702 2383 saeculi
719 2333 765 2382 XV
783 2333 917 2396 praebent.
973 2337 1047 2399 licet,
1060 2336 1172 2384 fortasse
1183 2333 1324 2394 Claudius,
1338 2332 1463 2382 historiae
1475 2332 1590 2395 peritus,

304 2417 403 2480 Optimi
437 2417 509 2466 enim
544 2417 645 2467 codices
679 2418 807 2480 sequendi
841 2422 917 2480 sunt,
972 2421 1097 2484 idemque
1122 2419 1259 2469 scientiam
1286 2432 1362 2468 suam
1385 2417 1500 2466 libenter
1524 2433 1590 2466 ven-

305 2516 469 2566 quamquam
487 2505 601 2564 utraque
618 2503 696 2551 lectio
715 2501 782 2551 bene
795 2502 919 2564 explicari
973 2507 1061 2555 ditans
1086 2504 1130 2567 (cf.
1153 2505 1212 2554 Tac.
1237 2503 1305 2551 Ann.
1328 2501 1364 2550 Xl
1381 2499 1414 2549 23
1431 2516 1470 2565 sq.
1499 2499 1590 2552 Oratio

305 2592 390 2651 potest
416 2584 460 2648 (de
477 2601 527 2636 ave
545 2587 650 2636 uictoris
666 2588 868 2649 acclamatione,
886 2587 918 2636 cl.

305 2672 476 2722 Friedldnder
492 2671 524 2721 ad
542 2671 619 2720 Mart.
636 2672 673 2720 lll
690 2669 736 2734 95,
754 2669 807 2733 11),

337 2757 491 2820 Xiphilinus
508 2771 662 2820 responsum
680 2755 783 2805 Claudii
798 2771 849 2804 non
863 2760 918 2805 tra-

305 2844 384 2906 didit,
403 2857 568 2906 quamquam
587 2847 614 2891 et
631 2843 680 2891 hoc
697 2846 725 2890 et
742 2841 919 2904 perturbatio-

306 2943 366 2976 nem
394 2943 463 2991 quae
490 2933 582 2976 secuta
608 2931 649 2976 est
674 2927 732 2976 lons
761 2927 819 2975 eius
847 2923 919 2987 (Dio)

304 3014 407 3062 novisse
429 3013 547 3073 videtur,
571 3012 603 3061 cl.
620 3006 676 3058 ἐπεὶ
692 3005 771 3058 οὐδὲν
788 3006 919 3074 σωτήριον

304 3094 414 3161 εὕροντο
445 3091 510 3145 ἀλλὰ
536 3098 681 3158 ναυμαχεῖν
706 3090 764 3144 καὶ
791 3092 835 3149 ὣς
860 3090 918 3142 ἑκε-

304 3178 463 3245 dedodqoar.

339 3268 399 3329 iqui
418 3265 545 3328 ferroque
562 3265 722 3315 absumeret.
740 3280 787 3327 per
798 3266 919 3327 catapul-

305 3355 346 3400 tas
372 3351 560 3413 ballistasque,
589 3363 659 3412 quae
682 3350 710 3399 in
733 3349 836 3398 ratibus
858 3365 920 3399 curn

306 3435 449 3497 manipulis
461 3435 611 3498 turmisque
621 3435 813 3497 praetoriarum
826 3435 919 3485 cohor-

307 3520 376 3569 tium
394 3524 478 3568 erant.

341 3605 422 3668 foeda
438 3604 615 3654 uamttatioue.
633 3605 665 3653 de
683 3604 786 3654 Claudii
801 3605 919 3668 incessu,

306 3693 338 3741 cf.
355 3707 377 3741 c.
394 3689 436 3753 30,
455 3689 554 3740 Seneca
571 3690 675 3752 Apocol.
694 3688 722 3753 1,
740 3689 769 3738 2:
787 3703 842 3739 uoa
854 3704 919 3752 pas-

305 3776 380 3825 sibus
397 3775 501 3838 aequis.

338 3861 430 3909 classis
455 3858 548 3908 Sicula
571 3865 596 3908 et
618 3859 735 3908 Rhodia.
761 3859 789 3907 in
807 3873 920 3907 nauma-

306 3945 372 3994 chiis
407 3943 515 3993 nomina
549 3943 676 3992 classibus
711 3943 767 3992 dari
801 3942 921 3992 solebant

308 4032 479 4093 populorum,
496 4029 542 4091 qui
560 4042 653 4076 revera
670 4026 733 4076 olim
752 4029 833 4077 talem
853 4043 920 4091 pug-

306 4129 369 4163 nam
387 4114 574 4162 commiserant
591 4114 632 4160 vel
648 4113 814 4161 committere
828 4117 920 4175 potue-

307 4203 374 4248 rant.
399 4198 441 4248 Sic
458 4199 486 4246 in
505 4197 624 4246 Caesaris
642 4198 800 4247 naumachia
818 4212 920 4260 pugna-

306 4287 402 4331 verunt
425 4283 516 4331 classis
539 4282 669 4346 Aegyptia
693 4287 721 4331 et
738 4282 818 4345 Tyria
835 4281 920 4342 (Suet.

306 4368 378 4417 Caes.
391 4366 431 4417 39.
445 4368 492 4417 Dio
506 4366 550 4431 43,
569 4366 626 4430 13),
645 4368 694 4417 suh
707 4367 786 4417 Sexto
798 4367 921 4430 Pompeio

306 4453 396 4502 classis
420 4453 477 4502 eius
500 4458 528 4501 et
551 4453 694 4502 Salvidieni
718 4451 778 4500 Rasr
797 4449 920 4514 (1111148,

306 4536 364 4600 19),
388 4538 415 4587 in
439 4538 552 4601 Augusti
575 4542 603 4586 et
626 4537 738 4587 Neronis
756 4536 921 4585 naunrachiis

306 4621 397 4672 classis
422 4622 525 4671 Persica
550 4627 578 4671 et
604 4622 775 4671 Atheniensis
799 4619 858 4682 (Dio
876 4621 920 4684 55,

306 4705 346 4755 to.
372 4703 446 4754 Ouid.
470 4707 519 4755 Ars
543 4707 554 4755 l
578 4706 634 4756 171.
659 4707 706 4756 1111
730 4705 778 4769 61,
806 4704 847 4767 9),
871 4706 921 4755 sub

306 4791 365 4842 Tito
384 4792 514 4842 Corinthii
531 4797 558 4842 et
575 4792 728 4856 Corcyraei,
747 4791 921 4841 Athenienses

307 4881 334 4926 et
352 4875 512 4941 Syracusani
530 4875 589 4939 (Dio
607 4877 653 4941 66,
670 4877 723 4940 25).
752 4877 919 4940 Quamquam

973 2590 1077 2640 Claudii
1103 2590 1135 2639 de
1158 2591 1215 2638 iure
1238 2590 1368 2637 honorum
1386 2585 1469 2635 Gallis
1486 2587 1590 2650 danda,

973 2676 1083 2725 Hermes
1092 2674 1164 2723 XXX
1173 2671 1509 2736 p.ll96)cognitumhabuit
1518 2685 1590 2734 proe-

973 2760 1040 2809 lium
1053 2759 1147 2808 navale
1165 2774 1180 2807 a
1198 2758 1307 2807 Rhodiis
1325 2756 1440 2806 colonias
1457 2756 1485 2805 in
1501 2755 1591 2806 Sicilia

973 2844 1149 2903 condentibus
1172 2848 1266 2892 contra
1287 2842 1386 2891 incolas
1408 2842 1589 2890 commissum.

1006 2930 1197 2979 duodenarum
1249 2929 1406 2978 triremium
1457 2925 1590 2988 sinquhae.

974 3014 1098 3063 dissentit
1130 3013 1178 3063 Dio
1209 3013 1226 3062 1.
1253 3014 1271 3062 l.
1301 3017 1443 3074 utramque
1477 3010 1589 3060 classem

974 3098 1170 3161 quinquaginta
1187 3096 1296 3146 navium
1314 3096 1396 3145 fuisse
1413 3094 1538 3158 tradens,
1563 3101 1591 3145 et

973 3184 1079 3233 Tacitus
1098 3197 1205 3246 quoque
1223 3179 1252 3242 (l.
1263 3182 1296 3243 l.,
1311 3180 1356 3229 ubi
1371 3185 1590 3231 numerumante

975 3269 1101 3317 triremes
1118 3267 1243 3316 excidisse
1261 3265 1410 3314 verisimilis
1422 3269 1464 3314 est
1475 3266 1590 3329 suspicio

974 3351 1078 3416 Lipsii),
1097 3357 1128 3400 ut
1144 3355 1218 3413 patet
1235 3365 1266 3398 cx
1279 3349 1364 3399 verbis
1373 3350 1443 3399 eius:
1461 3356 1589 3413 utquou-

973 3437 1039 3485 dam
1065 3435 1202 3498 Auqustus
1219 3460 1252 3468 —
1269 3435 1315 3483 sed
1341 3435 1443 3483 leuibus
1468 3436 1590 3499 manipiis

975 3528 1000 3571 et
1016 3522 1125 3569 actuore
1141 3521 1221 3581 copia
1237 3519 1375 3582 ediderat,
1394 3517 1526 3569 Claudius
1539 3521 1589 3570 tri·

974 3620 1061 3655 remes
1092 3605 1335 3667 quadriremesque
1366 3610 1392 3653 ct
1416 3604 1589 3663 uudeuiaiuti

975 3691 1117 3739 homiuum
1134 3689 1214 3737 milia
1226 3690 1346 3738 armauit
1357 3689 1515 3751 comparatis
1528 3704 1588 3738 curn

974 3776 1007 3824 iis
1029 3789 1099 3838 quae
1116 3775 1253 3838 Augustus
1272 3774 1335 3823 dicit
1352 3771 1590 3837 Monum.Ancyr.²

975 3861 1004 3924 t,
1040 3859 1085 3910 db:
1119 3861 1150 3909 iu
1181 3874 1234 3922 quo
1265 3856 1437 3921 (spectaculo)
1470 3859 1590 3921 triqiuta

975 3952 1108 3996 rostratae
1139 3960 1220 3995 naues
1251 3941 1312 4006 a[ut
1344 3941 1472 4005 bircm]es
1495 3945 1589 4006 plures

974 4038 1068 4081 autem
1099 4032 1218 4080 uiiuores
1249 4028 1322 4077 iuter
1347 4042 1374 4076 se
1399 4026 1589 4090 cualliaeruut.

977 4112 1089 4176 Q[uibus
1101 4112 1142 4176 iu]
1162 4113 1290 4163 classibus
1301 4117 1494 4174 pupuaueruut
1506 4126 1589 4173 prae-

976 4206 1017 4249 ter
1039 4201 1156 4262 remiqes
1176 4199 1257 4246 mitta
1276 4193 1431 4257 ho[miuum
1449 4194 1518 4257 trlia
1534 4196 1588 4244 cir·

975 4286 1041 4334 citer
1052 4282 1249 4346 (supplementa
1266 4286 1339 4330 certa
1352 4284 1416 4329 sunt
1426 4295 1457 4328 ex
1470 4281 1590 4329 versione

975 4367 1094 4429 Graeca).
1113 4368 1189 4416 Dioni
1202 4371 1229 4415 et
1237 4365 1326 4415 Tacito
1336 4363 1401 4413 tides
1410 4379 1469 4413 meo
1479 4364 1589 4428 quidem

975 4455 1071 4503 iudicio
1094 4457 1134 4502 est
1158 4452 1293 4513 habenda,
1320 4463 1407 4512 neque
1429 4447 1590 4498 Suetonium

975 4540 1062 4602 ipsum
1095 4537 1257 4586 commisisse
1282 4549 1398 4584 errorem
1424 4533 1590 4582 crediderim.

975 4625 1069 4686 ltaque
1078 4637 1139 4671 cum
1155 4621 1284 4684 prioribus
1298 4618 1443 4668 editoribus
1452 4619 1484 4667 de
1493 4620 1591 4668 lacuna

976 4708 1062 4770 potius
1080 4708 1249 4770 cogitandum
1260 4706 1377 4767 videtur,
1393 4717 1446 4766 qua
1456 4708 1589 4752 1111111111-

977 4807 1021 4840 rus
1040 4791 1136 4840 excidit
1152 4794 1180 4839 et
1196 4791 1284 4853 ipsum
1301 4788 1458 4838 vocabulum
1473 4788 1590 4850 quadri·

975 4877 1102 4926 remium.
