3322 5512
789 289 807 344 5

156 472 234 544 novi
279 481 313 545 et
349 471 508 545 immensi
542 473 657 569 operis
690 472 820 565 effecit,
862 497 953 568 quae
987 498 1078 546 nune
1112 475 1227 548 adhuc
1259 476 1436 549 Drusinae

155 597 1437 696 mmnwmmmmmmmfflmmmmmm

155 745 231 794 mas
256 721 461 796 solitudines
487 732 603 796 actum
628 745 696 796 non
726 723 822 818 prius
850 723 981 797 destitit
998 725 1147 820 inseqrd,
1178 738 1283 821 quam
1302 725 1437 822 specics

197 948 300 1007 Strabo
329 948 397 1022 VII,
425 951 456 1022 1,
486 949 521 1022 3,
544 967 576 1024 p.
601 950 666 1006 291.
710 948 892 1027 ἐχειρώσκτσ
928 948 960 1033 (l
999 938 1155 1035 Δροῦσος)
1173 988 1214 997 -
1239 951 1289 1014 καὶ
1319 949 1374 1022 τὰς
1406 953 1434 1013 ἕν

75 1129 77 1135 ¹
154 1055 194 1133 τῷ
227 1052 384 1133 παράπλῳ
410 1055 532 1136 νήσους,
567 1047 602 1116 ὧν
627 1054 692 1118 ἐστὶ
716 1052 768 1117 καὶ
792 1055 807 1128 ri
832 1055 999 1134 Βυρχανὶς,
1032 1045 1065 1126 ἣν
1090 1056 1124 1118 ἐκ
1148 1056 1323 1136 πολιορκίαις
1346 1051 1433 1122 εἶλεν.

194 1160 317 1219 Plinius
340 1161 374 1219 H.
396 1161 433 1219 N.
455 1161 475 1219 Ι
478 1161 514 1235 V,
537 1163 583 1220 97.
621 1161 691 1221 inde
719 1161 835 1220 insulae
864 1161 1005 1220 Romanis
1033 1161 1125 1221 armis
1154 1162 1304 1239 cognitae,
1336 1183 1437 1224 earum

153 1267 337 1327 nobilissima
358 1268 501 1327 Burcana.

114 1483 117 1489 ι
196 1446 257 1504 Tac.
280 1447 358 1504 Aoo.
379 1446 425 1519 ll,
449 1448 476 1504 8.
519 1446 655 1518 Fossam,
677 1446 726 1505 cni
748 1446 911 1506 Drusianae
932 1466 1049 1507 nomen.

200 1553 324 1611 Velleius
344 1552 389 1625 ΙΙ,
412 1555 458 1611 97.
501 1571 607 1628 magna
642 1558 787 1629 exparte
809 1554 984 1614 domitorem
1008 1553 1199 1630 Germaniae,
1221 1555 1349 1633 plurimo
1371 1557 1436 1617 eius

152 1659 250 1735 gentis
271 1660 361 1718 variis
382 1659 414 1718 in
434 1659 508 1719 locis
529 1660 650 1736 profuso
672 1660 824 1735 sauguine.

195 1769 302 1827 Seneca
322 1787 400 1826 eoae.
422 1768 461 1826 ool
481 1767 628 1826 Murciam
651 1769 687 1840 3,
704 1770 728 1826 1.
770 1766 933 1827 intraverat
955 1769 1096 1846 (Drusus)
1111 1768 1232 1846 penitus
1247 1768 1436 1830 Germaniam

152 1882 183 1936 et
210 1874 251 1935 ibi
274 1875 392 1950 signum
414 1875 539 1934 Romani
560 1876 708 1948 fixcrrmt,
737 1874 788 1933 ubi
809 1874 860 1933 vix
883 1875 961 1934 ullos
982 1893 1049 1935 esse
1070 1875 1219 1934 Romanos
1240 1882 1342 1935 notum
1364 1883 1434 1936 erat.

194 1983 274 2041 Plio.
297 1983 394 2058 Dpisl.
418 1983 452 2056 3,
476 1985 510 2055 5,
532 1984 559 2040 4.
603 1979 778 2041 Germaniae
799 1980 944 2041 latissime
965 1981 1068 2041 victor.

151 2245 258 2308 insulaS,
272 2244 497 2294 atTiberiiclassis
505 2248 573 2292 teste
583 2244 763 2306 ipsoAugusto

151 2329 221 2390 (Res.
236 2335 302 2393 gest.
319 2330 372 2378 divi
386 2327 465 2393 Aug.²
478 2345 500 2378 c.
515 2327 567 2379 96.)
582 2329 716 2392 navigavit
730 2329 762 2377 ad

152 2413 217 2463 sines
226 2413 402 2475 Cimbrorum,
413 2415 520 2476 plenum
528 2418 555 2462 et
562 2418 682 2476 apertum
691 2428 763 2462 mare

152 2512 282 2562 perpessa,
302 2499 334 2547 ef.
357 2496 644 2561 ί1111111515.1891,ρ.
663 2496 704 2562 30,
725 2499 764 2547 ita

152 2587 193 2644 ut,
216 2597 275 2632 meo
298 2582 407 2645 quidem
425 2582 535 2646 iudicio,
558 2588 630 2633 recta
648 2583 763 2632 Velleius

151 2667 223 2730 loqui
246 2667 362 2730 potuerit
385 2668 416 2716 de
442 2668 508 2716 mari
526 2673 605 2716 antea
622 2668 762 2732 incognito.

184 2751 242 2800 Non
283 2756 354 2801 recte
392 2751 424 2799 ad
458 2752 650 2814 expeditionem
685 2752 763 2801 Drusi

151 2841 267 2900 spectare
297 2841 375 2900 putat
403 2836 515 2886 Schiller
538 2836 615 2898 (Hira.
638 2837 657 2885 l.
685 2836 714 2886 R.
738 2852 761 2899 p.

150 2920 198 2971 ure
229 2922 259 2971 A.
285 2921 312 2984 a)
339 2921 405 2970 eun.
433 2921 462 2970 u.
490 2911 529 2971 us
548 2923 585 2984 u,
616 2920 681 2982 lor,
718 2922 762 2971 ubi

150 3008 181 3055 de
223 3007 388 3070 expeditione
436 3006 532 3055 Tiberii
576 3021 662 3055 sermo
709 3011 762 3069 est,

152 3095 180 3139 ut
211 3091 379 3139 monumenti
409 3090 543 3154 Ancyrani
574 3108 595 3141 e.
621 3090 654 3140 ‘2ss
679 3090 761 3155 (quod

150 3179 240 3224 tamen
261 3175 289 3225 U.
307 3174 408 3224 Zernial
427 3176 454 3225 in
473 3176 588 3226 editione
604 3175 762 3226 Germaniae

150 3259 232 3309 Taciti
260 3260 291 3308 ad
314 3259 402 3310 Germ.
420 3277 440 3311 c.
459 3259 492 3309 31
513 3261 651 3325 contulit),
675 3276 762 3326 neque

151 3343 260 3408 Derglrio
278 3341 358 3405 (Mon.
376 3344 439 3394 Anc.
459 3360 482 3407 p.
500 3343 545 3406 97)
563 3346 686 3394 assentiri
703 3360 762 3408 pos·

150 3444 208 3478 sum
240 3430 272 3478 ad
305 3434 387 3479 testes
419 3430 451 3478 de
482 3430 559 3478 Drusi
595 3429 762 3492 navigatione

150 3514 256 3563 addenti
294 3515 426 3563 Pedonem
464 3513 658 3563 Albinovanum
689 3512 761 3575 (Seu.

150 3599 222 3649 Sues.
231 3599 245 3648 1
255 3637 261 3663 ,
271 3598 329 3663 15),
339 3604 367 3648 et
377 3599 546 3662 Grinagoram
557 3597 597 3659 (A.
608 3599 633 3646 P.
645 3596 761 3659 1Χ983);

150 3684 176 3732 hi
199 3685 270 3734 enim
289 3700 341 3734 non
360 3685 488 3745 Drusum,
511 3683 555 3732 sed
574 3681 760 3733 Germanicum

149 3770 265 3819 carmine
278 3769 454 3832 celebrarunt,
467 3769 499 3818 ef.
512 3768 628 3831 Teuffel,
642 3768 672 3818 H.
682 3769 708 3817 L.
720 3766 761 3817 R*

149 3869 171 3915 p.
190 3852 246 3902 536.
264 3852 380 3916 Scham,
399 3853 429 3902 H.
447 3852 475 3902 L.
494 3852 522 3902 R.
539 3853 562 3901 ll
581 3868 603 3915 p.
619 3852 675 3902 169.
704 3853 760 3902 Ru-

147 3937 266 3987 bcnsobn
276 3935 380 4002 Grinag.
393 3939 473 4001 epigr.
490 3935 584 3999 (llerol.
595 3936 760 4001 1888),p.18.

181 4022 275 4083 fossae.
310 4020 416 4071 Tacitus
448 4024 482 4071 l.l.
514 4028 620 4072 tantum
648 4024 680 4071 de
709 4039 761 4072 una

148 4107 216 4156 fossa
240 4107 371 4170 loquitur,
395 4121 464 4170 quac
489 4106 612 4156 Rhenum
631 4113 658 4157 et
675 4110 760 4171 lacuS,

148 4191 237 4252 (hodie
255 4189 405 4252 Zuiderzee)
424 4191 568 4241 coniunxit.

181 4276 232 4326 Ubi
250 4277 335 4326 fossae
351 4273 403 4338 (vel
424 4275 504 4337 fossa)
517 4277 618 4325 luerint
630 4277 760 4326 incertum

147 4357 191 4421 (cf.
218 4376 240 4410 u.
267 4362 298 4410 cl.
324 4361 387 4410 Blolr
414 4361 477 4410 Hist.
504 4376 560 4424 pop.
588 4362 657 4425 Delg.
687 4363 711 4425 l,
737 4378 759 4425 p.

146 4442 205 4507 39),
232 4445 372 4494 verisimile
395 4451 486 4495 tamen
509 4452 573 4510 puto
596 4447 706 4508 fossam,
730 4447 760 4495 de

147 4543 201 4591 qua
224 4527 296 4578 Suet.
323 4534 350 4578 et
375 4530 433 4578 Tac.
460 4532 620 4594 loquuntur,
648 4532 759 4580 eandem

147 4626 202 4661 esse
226 4627 256 4662 ac
280 4614 393 4677 llumcn,
417 4614 460 4663 eui
479 4615 554 4663 bodie
572 4630 668 4664 nomen
688 4617 759 4664 Dru-

147 4697 304 4759 suapruclrt,
322 4698 392 4759 quod
412 4699 550 4762 coniungit
561 4701 685 4748 Rhenum
698 4700 759 4748 inde

146 4794 162 4829 a
185 4795 251 4845 pago
274 4781 464 4846 Weelervoort,
493 4800 553 4834 cunr
583 4789 669 4833 vetere
693 4783 758 4833 lsala

817 2242 886 2304 apud
911 2242 1004 2291 urbem
1024 2243 1169 2304 Doesburp.
1196 2242 1246 2292 Sed
1265 2243 1315 2292 hoe
1333 2244 1434 2293 llumen

817 2340 870 2375 non
886 2327 1025 2388 effossum,
1044 2327 1089 2375 sed
1103 2331 1210 2376 tantum
1224 2327 1366 2376 dilatatum
1378 2343 1434 2378 esse

817 2411 907 2474 eredo,
926 2426 987 2460 cum
1001 2411 1029 2460 in
1040 2415 1081 2460 tot
1099 2411 1174 2460 sinus
1191 2426 1218 2460 se
1228 2412 1331 2475 llectat,
1347 2428 1434 2476 neque

817 2496 945 2546 Asbachio
963 2495 1042 2557 (Ann.
1061 2496 1180 2545 Rhenan.
1189 2495 1223 2544 85
1234 2494 1323 2558 (1888)
1337 2512 1377 2560 pg.
1389 2496 1434 2559 16)

817 2581 945 2630 assentior
957 2580 1063 2643 putanti
1075 2586 1160 2630 totam
1173 2582 1268 2630 lsalam
1282 2596 1297 2630 a
1308 2581 1433 2632 Romanis

818 2664 941 2713 ellassam
960 2678 1024 2713 esse.

850 2747 1093 2798 Hostem-caesum.
1133 2750 1169 2798 De
1204 2765 1300 2814 magno
1336 2752 1433 2814 proelio

817 2833 941 2882 audimus
957 2847 979 2882 a.
994 2831 1081 2896 713111
1097 2836 1166 2897 apud
1180 2835 1340 2884 Arbalonem
1354 2835 1432 2895 (Ptin.

818 2918 847 2966 H.
864 2918 895 2966 N.
913 2917 960 2981 11,
984 2918 1029 2981 55,
1049 2918 1204 2984 Obsequens
1218 2920 1433 2985 72.),commisso,

817 3017 877 3052 cum
903 3004 990 3052 lrostes
1014 3004 1130 3053 Drusum
1154 3020 1170 3054 a
1192 3006 1297 3070 Visnrgi
1322 3007 1433 3055 llumine

817 3090 972 3138 redeuntem
997 3090 1024 3137 in
1047 3095 1160 3153 angusto
1178 3092 1233 3140 loco
1251 3091 1432 3154 inopinantem

817 3174 933 3237 aggressi
976 3173 1159 3238 inclusissent3
1208 3176 1236 3225 in
1280 3191 1333 3240 quo
1376 3176 1432 3225 sine

817 3258 895 3307 dubio
936 3258 1044 3308 victoria
1079 3274 1094 3307 a
1129 3264 1203 3322 parte
1239 3260 1431 3310 Germanorum

817 3343 947 3405 stetisset,
966 3343 1016 3391 nisi
1035 3343 1073 3392 illi
1090 3345 1146 3392 loco
1162 3345 1223 3394 freti
1236 3350 1264 3394 et
1277 3351 1431 3408 contemptu

818 3428 934 3476 bostium
947 3427 1113 3490 incompositi
1127 3443 1222 3478 manns
1235 3445 1297 3480 eum
1307 3430 1432 3479 Romanis

816 3512 1004 3574 contulissent,
1017 3509 1076 3573 (Dio
1095 3512 1141 3577 51,
1159 3512 1204 3578 33,
1223 3513 1257 3576 3).
1277 3516 1309 3564 cf.
1324 3530 1431 3579 quoque

817 3596 863 3645 llio
881 3595 927 3659 55,
945 3596 974 3659 1,
992 3596 1022 3660 9,
1041 3595 1075 3657 (a.
1094 3595 1188 3660 71519).
1207 3594 1253 3648 καὶ
1272 3594 1331 3653 τούς
1348 3615 1429 3662 προσ-

815 3677 954 3743 μιγνύντας
971 3680 999 3730 οἱ
1012 3679 1063 3731 οὐκ
1082 3679 1214 3746 ἀναιμωτὶ
1232 3686 1347 3746 κρατῶν.

849 3767 879 3816 la
897 3769 1055 3818 solitudines
1073 3776 1172 3818 (11111111.
1197 3784 1219 3817 a.
1238 3765 1328 3829 713111
1345 3782 1430 3832 usque

816 3851 847 3899 ad
873 3851 1005 3916 Visurgim
1029 3854 1088 3914 (Dio
1112 3853 1157 3916 51,
1181 3851 1226 3916 39,
1244 3851 1285 3915 9);
1312 3867 1335 3901 a.
1355 3850 1429 3915 71519

817 3950 901 3999 usquc
919 3936 951 3984 ad
970 3936 1055 3986 Albim
1074 3935 1133 3998 (Dio
1149 3937 1194 3999 55,
1212 3936 1240 4002 1,
1259 3936 1286 3999 9)
1301 3942 1328 3986 et
1340 3936 1429 3986 Salam

815 4018 906 4080 (bodie
935 4020 1041 4083 Saalel)
1070 4022 1102 4071 cl.
1130 4021 1224 4071 Strabo
1249 4022 1295 4071 Vll
1321 4037 1343 4084 p.
1368 4021 1429 4083 999)

816 4107 943 4168 pervenit,
961 4107 994 4156 cf.
1013 4106 1111 4156 Seneca
1130 4106 1161 4154 ad
1183 4107 1271 4170 Polyb.
1290 4105 1345 4170 (31)
1363 4108 1386 4157 5.

848 4192 947 4253 species
973 4191 1045 4241 barb.
1069 4193 1134 4240 aaut.
1170 4192 1314 4242 Suetonius
1336 4192 1428 4256 (quem

816 4279 923 4324 secutus
955 4280 995 4324 est
1027 4275 1172 4340 Abraham,
1203 4277 1254 4325 Zur
1272 4276 1365 4327 Gesch.
1384 4279 1429 4327 der

816 4357 904 4408 Germ.
935 4360 1029 4423 Kriege
1055 4365 1133 4409 unter
1151 4360 1266 4424 August,
1291 4376 1314 4423 p.
1339 4360 1355 4410 5
1378 4360 1429 4425 sq.)

816 4444 881 4493 haec
912 4445 981 4494 facta
1005 4460 1062 4494 esse
1089 4446 1161 4508 ponit
1188 4461 1209 4494 a.
1236 4442 1341 4507 713111,
1368 4461 1428 4494 eum

815 4534 904 4592 postea
914 4530 1062 4579 ovationem
1073 4531 1157 4579 Druso
1168 4545 1318 4580 concessam
1328 4545 1384 4579 esse
1394 4529 1427 4591 (a.

815 4612 902 4676 713111
923 4615 954 4663 cf.
974 4615 1021 4663 Dio
1039 4614 1085 4677 51,
1105 4613 1151 4677 33,
1171 4614 1197 4676 5)
1214 4615 1308 4663 tradat.
1328 4615 1374 4663 Dio
1393 4616 1427 4662 l.l.

813 4704 918 4760 contra,
944 4699 1010 4749 haec
1037 4702 1114 4761 paulo
1140 4704 1202 4748 ante
1226 4699 1325 4747 exitum
1351 4698 1428 4746 Drusi

816 4783 1428 4847 narr·at,cuipotiuscredendum‚quiaspecicm
