<?xml version="1.0" encoding="UTF-8"?>
<!DOCTYPE html PUBLIC "-//W3C//DTD XHTML 1.0 Transitional//EN"
    "http://www.w3.org/TR/xhtml1/DTD/xhtml1-transitional.dtd">
<html xmlns="http://www.w3.org/1999/xhtml" xml:lang="en" lang="en">
 <head>
  <title>
</title>
<meta http-equiv="Content-Type" content="text/html;charset=utf-8" />
  <meta name='ocr-system' content='tesseract 3.04.00' />
  <meta name='ocr-capabilities' content='ocr_page ocr_carea ocr_par ocr_line ocrx_word'/>
</head>
<body>
  <div class='ocr_page' id='page_1' title='image "./vitadiviclaudii00smilgoog_0176.png"; bbox 0 0 3322 5512; ppageno 0'>
   <div class='ocr_carea' id='block_1_1' title="bbox 727 358 781 415">
    <p class='ocr_par' dir='ltr' id='par_1_1' title="bbox 727 358 781 415">
     <span class='ocr_line' id='line_1_1' title="bbox 727 358 781 415; baseline 0.019 -1"><span class='ocrx_word' id='word_1_1' title='bbox 727 358 781 415; x_wconf 85' lang='lat'>151</span> 
     </span>
    </p>
   </div>
   <div class='ocr_carea' id='block_1_2' title="bbox 109 540 1471 2136">
    <p class='ocr_par' dir='ltr' id='par_1_2' title="bbox 112 540 1471 1012">
     <span class='ocr_line' id='line_1_2' title="bbox 116 540 1396 636; baseline 0.003 -23"><span class='ocrx_word' id='word_1_2' title='bbox 116 540 259 614; x_wconf 82' lang='lat' dir='ltr'>remisse</span> <span class='ocrx_word' id='word_1_3' title='bbox 297 541 383 636; x_wconf 91' lang='lat' dir='ltr'>quid</span> <span class='ocrx_word' id='word_1_4' title='bbox 418 542 474 614; x_wconf 88' lang='lat' dir='ltr'>vel</span> <span class='ocrx_word' id='word_1_5' title='bbox 508 540 598 614; x_wconf 91' lang='lat' dir='ltr'>serio</span> <span class='ocrx_word' id='word_1_6' title='bbox 633 549 793 636; x_wconf 88' lang='lat' dir='ltr'>agentem</span> <span class='ocrx_word' id='word_1_7' title='bbox 828 543 939 616; x_wconf 92' lang='lat' dir='ltr'>multa</span> <span class='ocrx_word' id='word_1_8' title='bbox 973 543 1265 618; x_wconf 78' lang='lat' dir='ltr'>dehonestabant:</span> <span class='ocrx_word' id='word_1_9' title='bbox 1303 544 1396 617; x_wconf 90' lang='lat' dir='ltr'>risus</span> 
     </span>
     <span class='ocr_line' id='line_1_3' title="bbox 114 665 1394 762; baseline 0.004 -24"><span class='ocrx_word' id='word_1_10' title='bbox 114 665 294 756; x_wconf 78' lang='lat' dir='ltr'>indecens,</span> <span class='ocrx_word' id='word_1_11' title='bbox 345 665 398 739; x_wconf 89' lang='lat' dir='ltr'>ira</span> <span class='ocrx_word' id='word_1_12' title='bbox 447 666 581 762; x_wconf 87' lang='lat' dir='ltr'>turpior</span> <span class='ocrx_word' id='word_1_13' title='bbox 625 676 809 762; x_wconf 83' lang='lat' dir='ltr'>spumante</span> <span class='ocrx_word' id='word_1_14' title='bbox 847 667 951 761; x_wconf 88' lang='lat' dir='ltr'>rictu,</span> <span class='ocrx_word' id='word_1_15' title='bbox 998 668 1196 741; x_wconf 93' lang='lat' dir='ltr'>umentibus</span> <span class='ocrx_word' id='word_1_16' title='bbox 1233 669 1394 762; x_wconf 90' lang='lat' dir='ltr'>naribus,</span> 
     </span>
     <span class='ocr_line' id='line_1_4' title="bbox 113 791 1394 890; baseline 0.004 -27"><span class='ocrx_word' id='word_1_17' title='bbox 113 799 294 887; x_wconf 88' lang='lat' dir='ltr'>praeterea</span> <span class='ocrx_word' id='word_1_18' title='bbox 326 791 469 887; x_wconf 85' lang='lat' dir='ltr'>linguae</span> <span class='ocrx_word' id='word_1_19' title='bbox 503 791 706 885; x_wconf 82' lang='lat' dir='ltr'>titubantia,</span> <span class='ocrx_word' id='word_1_20' title='bbox 742 801 915 888; x_wconf 83' lang='lat' dir='ltr'>caputque</span> <span class='ocrx_word' id='word_1_21' title='bbox 949 816 1027 865; x_wconf 92' lang='lat' dir='ltr'>cum</span> <span class='ocrx_word' id='word_1_22' title='bbox 1062 816 1214 890; x_wconf 81' lang='lat' dir='ltr'>semper,</span> <span class='ocrx_word' id='word_1_23' title='bbox 1242 801 1325 867; x_wconf 64' lang='lat' dir='ltr'>‘tum</span> <span class='ocrx_word' id='word_1_24' title='bbox 1359 795 1394 868; x_wconf 91' lang='lat' dir='ltr'>in</span> 
     </span>
     <span class='ocr_line' id='line_1_5' title="bbox 112 916 1471 1012; baseline 0.001 -25"><span class='ocrx_word' id='word_1_25' title='bbox 112 917 431 1011; x_wconf 91' lang='lat' dir='ltr'>quantulocumque</span> <span class='ocrx_word' id='word_1_26' title='bbox 456 923 538 989; x_wconf 90' lang='lat' dir='ltr'>actu</span> <span class='ocrx_word' id='word_1_27' title='bbox 563 917 620 990; x_wconf 88' lang='lat' dir='ltr'>vel</span> <span class='ocrx_word' id='word_1_28' title='bbox 646 916 798 990; x_wconf 82' lang='lat' dir='ltr'>maxime</span> <span class='ocrx_word' id='word_1_29' title='bbox 823 917 1019 990; x_wconf 91' lang='lat' dir='ltr'>tremulum.</span> <span class='ocrx_word' id='word_1_30' title='bbox 1470 1009 1471 1012; x_wconf 8' lang='grc' dir='ltr'><strong>Ἴ</strong></span> 
     </span>
    </p>

    <p class='ocr_par' dir='ltr' id='par_1_3' title="bbox 111 1041 1395 1386">
     <span class='ocr_line' id='line_1_6' title="bbox 160 1041 1395 1139; baseline 0.003 -26"><span class='ocrx_word' id='word_1_31' title='bbox 160 1042 299 1115; x_wconf 90' lang='lat' dir='ltr'>XXXI.</span> <span class='ocrx_word' id='word_1_32' title='bbox 350 1041 562 1118; x_wconf 90' lang='lat' dir='ltr'>Valetudine</span> <span class='ocrx_word' id='word_1_33' title='bbox 587 1041 677 1116; x_wconf 89' lang='lat' dir='ltr'>sicut</span> <span class='ocrx_word' id='word_1_34' title='bbox 703 1041 783 1115; x_wconf 93' lang='lat' dir='ltr'>olim</span> <span class='ocrx_word' id='word_1_35' title='bbox 811 1042 929 1137; x_wconf 91' lang='lat' dir='ltr'>gravi,</span> <span class='ocrx_word' id='word_1_36' title='bbox 964 1041 1014 1115; x_wconf 94' lang='lat' dir='ltr'>ita</span> <span class='ocrx_word' id='word_1_37' title='bbox 1039 1042 1202 1138; x_wconf 90' lang='lat' dir='ltr'>princeps</span> <span class='ocrx_word' id='word_1_38' title='bbox 1227 1066 1395 1139; x_wconf 90' lang='lat' dir='ltr'>prospera</span> 
     </span>
     <span class='ocr_line' id='line_1_7' title="bbox 111 1166 1393 1264; baseline 0.002 -26"><span class='ocrx_word' id='word_1_39' title='bbox 111 1189 199 1239; x_wconf 91' lang='lat' dir='ltr'>usus</span> <span class='ocrx_word' id='word_1_40' title='bbox 231 1176 301 1260; x_wconf 87' lang='lat' dir='ltr'>est,</span> <span class='ocrx_word' id='word_1_41' title='bbox 335 1176 480 1262; x_wconf 86' lang='lat' dir='ltr'>excepto</span> <span class='ocrx_word' id='word_1_42' title='bbox 515 1166 685 1240; x_wconf 92' lang='lat' dir='ltr'>stomachi</span> <span class='ocrx_word' id='word_1_43' title='bbox 720 1166 856 1259; x_wconf 90' lang='lat' dir='ltr'>dolore,</span> <span class='ocrx_word' id='word_1_44' title='bbox 890 1190 959 1262; x_wconf 90' lang='lat' dir='ltr'>quo</span> <span class='ocrx_word' id='word_1_45' title='bbox 993 1190 1033 1241; x_wconf 92' lang='lat' dir='ltr'>se</span> <span class='ocrx_word' id='word_1_46' title='bbox 1068 1176 1262 1264; x_wconf 92' lang='lat' dir='ltr'>correptum</span> <span class='ocrx_word' id='word_1_47' title='bbox 1289 1167 1393 1242; x_wconf 90' lang='lat' dir='ltr'>etiam</span> 
     </span>
     <span class='ocr_line' id='line_1_8' title="bbox 112 1289 888 1386; baseline 0.003 -24"><span class='ocrx_word' id='word_1_48' title='bbox 112 1289 156 1364; x_wconf 95' lang='lat' dir='ltr'>de</span> <span class='ocrx_word' id='word_1_49' title='bbox 181 1290 431 1365; x_wconf 88' lang='lat' dir='ltr'>consciscenda</span> <span class='ocrx_word' id='word_1_50' title='bbox 455 1299 566 1365; x_wconf 90' lang='lat' dir='ltr'>morte</span> <span class='ocrx_word' id='word_1_51' title='bbox 592 1291 765 1386; x_wconf 82' lang='lat' dir='ltr'>cogitasse</span> <span class='ocrx_word' id='word_1_52' title='bbox 791 1291 888 1366; x_wconf 87' lang='lat' dir='ltr'>dixit.</span> 
     </span>
    </p>

    <p class='ocr_par' dir='ltr' id='par_1_4' title="bbox 109 1414 1393 2136">
     <span class='ocr_line' id='line_1_9' title="bbox 158 1414 1393 1512; baseline 0.004 -24"><span class='ocrx_word' id='word_1_53' title='bbox 158 1415 316 1488; x_wconf 76' lang='lat' dir='ltr'>XXXII.</span> <span class='ocrx_word' id='word_1_54' title='bbox 367 1414 540 1490; x_wconf 81' lang='lat' dir='ltr'>Convivia</span> <span class='ocrx_word' id='word_1_55' title='bbox 574 1416 722 1511; x_wconf 87' lang='lat' dir='ltr'>agitavit</span> <span class='ocrx_word' id='word_1_56' title='bbox 755 1424 789 1490; x_wconf 88' lang='lat' dir='ltr'>et</span> <span class='ocrx_word' id='word_1_57' title='bbox 823 1418 942 1512; x_wconf 90' lang='lat' dir='ltr'>ampla</span> <span class='ocrx_word' id='word_1_58' title='bbox 977 1426 1013 1490; x_wconf 93' lang='lat' dir='ltr'>et</span> <span class='ocrx_word' id='word_1_59' title='bbox 1045 1417 1207 1511; x_wconf 91' lang='lat' dir='ltr'>assidua,</span> <span class='ocrx_word' id='word_1_60' title='bbox 1246 1443 1288 1492; x_wconf 90' lang='lat' dir='ltr'>ac</span> <span class='ocrx_word' id='word_1_61' title='bbox 1320 1422 1393 1493; x_wconf 85' lang='lat' dir='ltr'>fere</span> 
     </span>
     <span class='ocr_line' id='line_1_10' title="bbox 111 1539 1391 1637; baseline 0.004 -25"><span class='ocrx_word' id='word_1_62' title='bbox 111 1539 360 1636; x_wconf 87' lang='lat' dir='ltr'>patentissimis</span> <span class='ocrx_word' id='word_1_63' title='bbox 393 1540 480 1613; x_wconf 90' lang='lat' dir='ltr'>locis</span> <span class='ocrx_word' id='word_1_64' title='bbox 513 1550 552 1613; x_wconf 96' lang='lat' dir='ltr'>ut</span> <span class='ocrx_word' id='word_1_65' title='bbox 585 1542 791 1637; x_wconf 91' lang='lat' dir='ltr'>plerumque</span> <span class='ocrx_word' id='word_1_66' title='bbox 825 1542 960 1615; x_wconf 90' lang='lat' dir='ltr'>sesceni</span> <span class='ocrx_word' id='word_1_67' title='bbox 995 1542 1099 1616; x_wconf 90' lang='lat' dir='ltr'>simul</span> <span class='ocrx_word' id='word_1_68' title='bbox 1126 1543 1391 1618; x_wconf 88' lang='lat' dir='ltr'>discumberent.</span> 
     </span>
     <span class='ocr_line' id='line_1_11' title="bbox 111 1664 1392 1764; baseline 0.002 -25"><span class='ocrx_word' id='word_1_69' title='bbox 111 1664 329 1739; x_wconf 82' lang='lat' dir='ltr'>Convivatus</span> <span class='ocrx_word' id='word_1_70' title='bbox 363 1677 417 1740; x_wconf 90' lang='lat' dir='ltr'>est</span> <span class='ocrx_word' id='word_1_71' title='bbox 450 1674 485 1740; x_wconf 90' lang='lat' dir='ltr'>et</span> <span class='ocrx_word' id='word_1_72' title='bbox 518 1689 624 1762; x_wconf 93' lang='lat' dir='ltr'>super</span> <span class='ocrx_word' id='word_1_73' title='bbox 658 1665 878 1740; x_wconf 89' lang='lat' dir='ltr'>emissarium</span> <span class='ocrx_word' id='word_1_74' title='bbox 912 1666 1036 1740; x_wconf 80' lang='lat' dir='ltr'>Fucini</span> <span class='ocrx_word' id='word_1_75' title='bbox 1063 1668 1180 1761; x_wconf 84' lang='lat' dir='ltr'>lacus,</span> <span class='ocrx_word' id='word_1_76' title='bbox 1213 1692 1255 1742; x_wconf 92' lang='lat' dir='ltr'>ac</span> <span class='ocrx_word' id='word_1_77' title='bbox 1281 1692 1392 1764; x_wconf 92' lang='lat' dir='ltr'>paene</span> 
     </span>
     <span class='ocr_line' id='line_1_12' title="bbox 110 1791 1392 1888; baseline 0.004 -26"><span class='ocrx_word' id='word_1_78' title='bbox 110 1813 342 1880; x_wconf 86' lang='lat' dir='ltr'>summersus,</span> <span class='ocrx_word' id='word_1_79' title='bbox 377 1815 456 1864; x_wconf 90' lang='lat' dir='ltr'>cum</span> <span class='ocrx_word' id='word_1_80' title='bbox 482 1792 612 1865; x_wconf 90' lang='lat' dir='ltr'>emissa</span> <span class='ocrx_word' id='word_1_81' title='bbox 637 1792 768 1888; x_wconf 92' lang='lat' dir='ltr'>impetu</span> <span class='ocrx_word' id='word_1_82' title='bbox 793 1815 886 1887; x_wconf 79' lang='lat' dir='ltr'>aqua</span> <span class='ocrx_word' id='word_1_83' title='bbox 910 1791 1152 1866; x_wconf 90' lang='lat' dir='ltr'>redundasset.</span> <span class='ocrx_word' id='word_1_84' title='bbox 1189 1791 1392 1867; x_wconf 82' lang='lat' dir='ltr'>Adhibebat</span> 
     </span>
     <span class='ocr_line' id='line_1_13' title="bbox 109 1910 1391 2012; baseline 0.003 -24"><span class='ocrx_word' id='word_1_85' title='bbox 109 1915 200 1988; x_wconf 94' lang='lat' dir='ltr'>omni</span> <span class='ocrx_word' id='word_1_86' title='bbox 234 1938 341 1989; x_wconf 91' lang='lat' dir='ltr'>cenae</span> <span class='ocrx_word' id='word_1_87' title='bbox 374 1924 408 1989; x_wconf 93' lang='lat' dir='ltr'>et</span> <span class='ocrx_word' id='word_1_88' title='bbox 437 1910 570 1989; x_wconf 90' lang='lat' dir='ltr'>liberos</span> <span class='ocrx_word' id='word_1_89' title='bbox 605 1938 689 1989; x_wconf 92' lang='lat' dir='ltr'>suos</span> <span class='ocrx_word' id='word_1_90' title='bbox 723 1938 800 1988; x_wconf 91' lang='lat' dir='ltr'>cum</span> <span class='ocrx_word' id='word_1_91' title='bbox 828 1915 949 2011; x_wconf 91' lang='lat' dir='ltr'>pueris</span> <span class='ocrx_word' id='word_1_92' title='bbox 975 1916 1173 2012; x_wconf 89' lang='lat' dir='ltr'>puellisque</span> <span class='ocrx_word' id='word_1_93' title='bbox 1198 1918 1391 2011; x_wconf 89' lang='lat' dir='ltr'>nobilibus,</span> 
     </span>
     <span class='ocr_line' id='line_1_14' title="bbox 109 2039 1389 2136; baseline 0.004 -24"><span class='ocrx_word' id='word_1_94' title='bbox 109 2039 167 2136; x_wconf 89' lang='lat' dir='ltr'>qni</span> <span class='ocrx_word' id='word_1_95' title='bbox 192 2063 288 2115; x_wconf 92' lang='lat' dir='ltr'>more</span> <span class='ocrx_word' id='word_1_96' title='bbox 315 2041 424 2114; x_wconf 92' lang='lat' dir='ltr'>veteri</span> <span class='ocrx_word' id='word_1_97' title='bbox 449 2040 495 2114; x_wconf 92' lang='lat' dir='ltr'>ad</span> <span class='ocrx_word' id='word_1_98' title='bbox 519 2041 632 2115; x_wconf 87' lang='lat' dir='ltr'>fulcra</span> <span class='ocrx_word' id='word_1_99' title='bbox 656 2041 824 2114; x_wconf 91' lang='lat' dir='ltr'>lectorum</span> <span class='ocrx_word' id='word_1_100' title='bbox 850 2040 1013 2114; x_wconf 88' lang='lat' dir='ltr'>sedentes</span> <span class='ocrx_word' id='word_1_101' title='bbox 1038 2051 1272 2116; x_wconf 87' lang='lat' dir='ltr'>vescerentur.</span> <span class='ocrx_word' id='word_1_102' title='bbox 1299 2041 1389 2117; x_wconf 81' lang='lat' dir='ltr'>Con-</span> 
     </span>
    </p>
   </div>
   <div class='ocr_carea' id='block_1_3' title="bbox 104 2192 1389 3340">
    <p class='ocr_par' dir='ltr' id='par_1_5' title="bbox 108 2192 1389 2377">
     <span class='ocr_line' id='line_1_15' title="bbox 151 2192 1389 2269; baseline 0.003 -17"><span class='ocrx_word' id='word_1_103' title='bbox 151 2194 259 2252; x_wconf 83' lang='lat' dir='ltr'>Scneca</span> <span class='ocrx_word' id='word_1_104' title='bbox 281 2193 299 2252; x_wconf 87' lang='lat' dir='ltr'>l.</span> <span class='ocrx_word' id='word_1_105' title='bbox 320 2193 338 2253; x_wconf 91' lang='grc' dir='ltr'>ί.</span> <span class='ocrx_word' id='word_1_106' title='bbox 363 2197 394 2268; x_wconf 84' lang='grc'>7,</span> <span class='ocrx_word' id='word_1_107' title='bbox 418 2196 454 2267; x_wconf 87' lang='grc'>2,</span> <span class='ocrx_word' id='word_1_108' title='bbox 477 2201 496 2252; x_wconf 83' lang='grc'><strong><em>4</em></strong></span> <span class='ocrx_word' id='word_1_109' title='bbox 518 2213 560 2269; x_wconf 83' lang='lat' dir='ltr'>sq.</span> <span class='ocrx_word' id='word_1_110' title='bbox 603 2192 681 2266; x_wconf 77' lang='lat' dir='ltr'>Quid</span> <span class='ocrx_word' id='word_1_111' title='bbox 702 2211 783 2251; x_wconf 90' lang='lat' dir='ltr'>nunc</span> <span class='ocrx_word' id='word_1_112' title='bbox 802 2194 921 2269; x_wconf 86' lang='lat' dir='ltr'>profatu</span> <span class='ocrx_word' id='word_1_113' title='bbox 941 2193 1023 2254; x_wconf 87' lang='lat' dir='ltr'>vocis</span> <span class='ocrx_word' id='word_1_114' title='bbox 1044 2193 1157 2263; x_wconf 82' lang='lat' dir='ltr'>incerto</span> <span class='ocrx_word' id='word_1_115' title='bbox 1178 2198 1286 2254; x_wconf 82' lang='lat' dir='ltr'>sonas?</span> <span class='ocrx_word' id='word_1_116' title='bbox 1307 2194 1389 2269; x_wconf 82' lang='lat' dir='ltr'>Quae</span> 
     </span>
     <span class='ocr_line' id='line_1_16' title="bbox 108 2299 797 2377; baseline 0.001 -20"><span class='ocrx_word' id='word_1_117' title='bbox 108 2299 217 2375; x_wconf 89' lang='lat' dir='ltr'>patria,</span> <span class='ocrx_word' id='word_1_118' title='bbox 240 2318 315 2377; x_wconf 89' lang='lat' dir='ltr'>quae</span> <span class='ocrx_word' id='word_1_119' title='bbox 335 2318 410 2376; x_wconf 85' lang='lat' dir='ltr'>gens</span> <span class='ocrx_word' id='word_1_120' title='bbox 431 2299 539 2360; x_wconf 87' lang='lat' dir='ltr'>mobile</span> <span class='ocrx_word' id='word_1_121' title='bbox 560 2300 667 2359; x_wconf 86' lang='lat' dir='ltr'>eduxit</span> <span class='ocrx_word' id='word_1_122' title='bbox 687 2301 797 2377; x_wconf 83' lang='lat' dir='ltr'>capnt?</span> 
     </span>
    </p>

    <p class='ocr_par' dir='ltr' id='par_1_6' title="bbox 107 2405 1388 2696">
     <span class='ocr_line' id='line_1_17' title="bbox 146 2405 1388 2488; baseline 0.006 -24"><span class='ocrx_word' id='word_1_123' title='bbox 146 2406 213 2464; x_wconf 76' lang='lat' dir='ltr'>Iov.</span> <span class='ocrx_word' id='word_1_124' title='bbox 240 2405 284 2464; x_wconf 81' lang='lat' dir='ltr'>VI</span> <span class='ocrx_word' id='word_1_125' title='bbox 301 2407 365 2465; x_wconf 83' lang='lat'>620</span> <span class='ocrx_word' id='word_1_126' title='bbox 385 2426 427 2482; x_wconf 81' lang='lat' dir='ltr'>sq.</span> <span class='ocrx_word' id='word_1_127' title='bbox 468 2406 568 2466; x_wconf 89' lang='lat' dir='ltr'>minus</span> <span class='ocrx_word' id='word_1_128' title='bbox 589 2425 660 2483; x_wconf 88' lang='lat' dir='ltr'>ergo</span> <span class='ocrx_word' id='word_1_129' title='bbox 681 2425 790 2467; x_wconf 87' lang='lat' dir='ltr'>nocens</span> <span class='ocrx_word' id='word_1_130' title='bbox 812 2408 869 2467; x_wconf 82' lang='lat' dir='ltr'>err‘t</span> <span class='ocrx_word' id='word_1_131' title='bbox 882 2408 1065 2486; x_wconf 81' lang='lat' dir='ltr'>Agrippinae</span> <span class='ocrx_word' id='word_1_132' title='bbox 1079 2409 1217 2484; x_wconf 88' lang='lat' dir='ltr'>Boletus,</span> <span class='ocrx_word' id='word_1_133' title='bbox 1240 2410 1388 2488; x_wconf 89' lang='lat' dir='ltr'>siquidem</span> 
     </span>
     <span class='ocr_line' id='line_1_18' title="bbox 107 2511 1388 2592; baseline 0.005 -21"><span class='ocrx_word' id='word_1_134' title='bbox 107 2511 196 2571; x_wconf 89' lang='lat' dir='ltr'>unius</span> <span class='ocrx_word' id='word_1_135' title='bbox 224 2512 395 2590; x_wconf 87' lang='lat' dir='ltr'>praecordia</span> <span class='ocrx_word' id='word_1_136' title='bbox 421 2513 532 2591; x_wconf 83' lang='lat' dir='ltr'>pressit</span> <span class='ocrx_word' id='word_1_137' title='bbox 558 2514 615 2574; x_wconf 89' lang='lat' dir='ltr'>Ille</span> <span class='ocrx_word' id='word_1_138' title='bbox 637 2513 718 2574; x_wconf 89' lang='lat' dir='ltr'>senis</span> <span class='ocrx_word' id='word_1_139' title='bbox 739 2515 962 2592; x_wconf 89' lang='lat' dir='ltr'>tremulumque</span> <span class='ocrx_word' id='word_1_140' title='bbox 983 2521 1073 2592; x_wconf 90' lang='lat' dir='ltr'>caput</span> <span class='ocrx_word' id='word_1_141' title='bbox 1094 2515 1278 2578; x_wconf 84' lang='lat' dir='ltr'>descendere</span> <span class='ocrx_word' id='word_1_142' title='bbox 1299 2518 1388 2578; x_wconf 88' lang='lat' dir='ltr'>iussit</span> 
     </span>
     <span class='ocr_line' id='line_1_19' title="bbox 108 2618 833 2696; baseline 0.007 -19"><span class='ocrx_word' id='word_1_143' title='bbox 108 2618 143 2677; x_wconf 92' lang='lat' dir='ltr'>In</span> <span class='ocrx_word' id='word_1_144' title='bbox 164 2620 280 2678; x_wconf 89' lang='lat' dir='ltr'>caelum</span> <span class='ocrx_word' id='word_1_145' title='bbox 301 2624 331 2678; x_wconf 92' lang='grc'>66</span> <span class='ocrx_word' id='word_1_146' title='bbox 351 2620 439 2696; x_wconf 84' lang='lat' dir='ltr'>longa</span> <span class='ocrx_word' id='word_1_147' title='bbox 459 2621 609 2681; x_wconf 88' lang='lat' dir='ltr'>manantia</span> <span class='ocrx_word' id='word_1_148' title='bbox 629 2622 712 2681; x_wconf 89' lang='lat' dir='ltr'>labra</span> <span class='ocrx_word' id='word_1_149' title='bbox 733 2623 833 2682; x_wconf 88' lang='lat' dir='ltr'>salira.</span> 
     </span>
    </p>

    <p class='ocr_par' dir='ltr' id='par_1_7' title="bbox 105 2726 1387 3020">
     <span class='ocr_line' id='line_1_20' title="bbox 122 2726 1387 2809; baseline 0.007 -26"><span class='ocrx_word' id='word_1_150' title='bbox 122 2796 123 2799; x_wconf 8' lang='grc' dir='ltr'><strong>Ἴ</strong></span> <span class='ocrx_word' id='word_1_151' title='bbox 150 2726 212 2785; x_wconf 83' lang='lat' dir='ltr'>Tac.</span> <span class='ocrx_word' id='word_1_152' title='bbox 233 2727 314 2785; x_wconf 81' lang='lat' dir='ltr'>Ana.</span> <span class='ocrx_word' id='word_1_153' title='bbox 335 2726 404 2785; x_wconf 86' lang='lat' dir='ltr'>XII</span> <span class='ocrx_word' id='word_1_154' title='bbox 422 2731 470 2787; x_wconf 83' lang='lat'>57.</span> <span class='ocrx_word' id='word_1_155' title='bbox 512 2727 591 2802; x_wconf 80' lang='lat' dir='ltr'>Quin</span> <span class='ocrx_word' id='word_1_156' title='bbox 612 2733 643 2788; x_wconf 89' lang='lat' dir='ltr'>et</span> <span class='ocrx_word' id='word_1_157' title='bbox 663 2729 833 2788; x_wconf 86' lang='lat' dir='ltr'>convivium</span> <span class='ocrx_word' id='word_1_158' title='bbox 855 2730 975 2788; x_wconf 88' lang='lat' dir='ltr'>effluvio</span> <span class='ocrx_word' id='word_1_159' title='bbox 996 2731 1080 2790; x_wconf 89' lang='lat' dir='ltr'>lacus</span> <span class='ocrx_word' id='word_1_160' title='bbox 1094 2732 1266 2809; x_wconf 89' lang='lat' dir='ltr'>appositum</span> <span class='ocrx_word' id='word_1_161' title='bbox 1280 2751 1387 2808; x_wconf 90' lang='lat' dir='ltr'>magna</span> 
     </span>
     <span class='ocr_line' id='line_1_21' title="bbox 105 2832 1385 2914; baseline 0.005 -23"><span class='ocrx_word' id='word_1_162' title='bbox 105 2832 263 2893; x_wconf 84' lang='lat' dir='ltr'>formidine</span> <span class='ocrx_word' id='word_1_163' title='bbox 283 2841 406 2894; x_wconf 91' lang='lat' dir='ltr'>cunctos</span> <span class='ocrx_word' id='word_1_164' title='bbox 427 2835 544 2910; x_wconf 91' lang='lat' dir='ltr'>affecit,</span> <span class='ocrx_word' id='word_1_165' title='bbox 566 2836 636 2913; x_wconf 87' lang='lat' dir='ltr'>quia</span> <span class='ocrx_word' id='word_1_166' title='bbox 654 2836 701 2895; x_wconf 86' lang='lat' dir='ltr'>vis</span> <span class='ocrx_word' id='word_1_167' title='bbox 714 2855 859 2914; x_wconf 88' lang='lat' dir='ltr'>aquarum</span> <span class='ocrx_word' id='word_1_168' title='bbox 873 2855 1072 2914; x_wconf 88' lang='lat' dir='ltr'>prorumpens</span> <span class='ocrx_word' id='word_1_169' title='bbox 1085 2839 1221 2914; x_wconf 84' lang='lat' dir='ltr'>proxima</span> <span class='ocrx_word' id='word_1_170' title='bbox 1235 2840 1385 2913; x_wconf 89' lang='lat' dir='ltr'>trahebat,</span> 
     </span>
     <span class='ocr_line' id='line_1_22' title="bbox 106 2942 1034 3020; baseline 0.003 -19"><span class='ocrx_word' id='word_1_171' title='bbox 106 2942 256 3002; x_wconf 84' lang='lat' dir='ltr'>convulsis</span> <span class='ocrx_word' id='word_1_172' title='bbox 276 2942 467 3003; x_wconf 84' lang='lat' dir='ltr'>ulterioribus</span> <span class='ocrx_word' id='word_1_173' title='bbox 488 2949 541 3003; x_wconf 90' lang='lat' dir='ltr'>aut</span> <span class='ocrx_word' id='word_1_174' title='bbox 561 2944 678 3020; x_wconf 81' lang='lat' dir='ltr'>fragore</span> <span class='ocrx_word' id='word_1_175' title='bbox 699 2950 729 3004; x_wconf 90' lang='grc'>66</span> <span class='ocrx_word' id='word_1_176' title='bbox 751 2945 849 3004; x_wconf 88' lang='lat' dir='ltr'>sonitu</span> <span class='ocrx_word' id='word_1_177' title='bbox 872 2945 1034 3004; x_wconf 85' lang='lat' dir='ltr'>exterritis.</span> 
     </span>
    </p>

    <p class='ocr_par' dir='ltr' id='par_1_8' title="bbox 104 3050 1386 3340">
     <span class='ocr_line' id='line_1_23' title="bbox 148 3050 1384 3130; baseline 0.002 -22"><span class='ocrx_word' id='word_1_178' title='bbox 148 3050 210 3109; x_wconf 82' lang='lat' dir='ltr'>Tac.</span> <span class='ocrx_word' id='word_1_179' title='bbox 232 3054 312 3110; x_wconf 84' lang='grc' dir='ltr'>Αυπ.</span> <span class='ocrx_word' id='word_1_180' title='bbox 332 3052 417 3111; x_wconf 88' lang='lat' dir='ltr'>XIII</span> <span class='ocrx_word' id='word_1_181' title='bbox 432 3054 478 3111; x_wconf 82' lang='lat'>16.</span> <span class='ocrx_word' id='word_1_182' title='bbox 520 3053 585 3112; x_wconf 89' lang='lat' dir='ltr'>Mos</span> <span class='ocrx_word' id='word_1_183' title='bbox 606 3053 782 3126; x_wconf 87' lang='lat' dir='ltr'>habebatur,</span> <span class='ocrx_word' id='word_1_184' title='bbox 799 3052 969 3130; x_wconf 89' lang='lat' dir='ltr'>principum</span> <span class='ocrx_word' id='word_1_185' title='bbox 985 3053 1094 3112; x_wconf 90' lang='lat' dir='ltr'>liberos</span> <span class='ocrx_word' id='word_1_186' title='bbox 1106 3071 1175 3111; x_wconf 92' lang='lat' dir='ltr'>cum</span> <span class='ocrx_word' id='word_1_187' title='bbox 1186 3053 1293 3114; x_wconf 87' lang='lat' dir='ltr'>ceteris</span> <span class='ocrx_word' id='word_1_188' title='bbox 1303 3053 1384 3112; x_wconf 90' lang='lat' dir='ltr'>idem</span> 
     </span>
     <span class='ocr_line' id='line_1_24' title="bbox 104 3157 1386 3238; baseline 0.004 -23"><span class='ocrx_word' id='word_1_189' title='bbox 104 3157 210 3232; x_wconf 85' lang='lat' dir='ltr'>aetatis</span> <span class='ocrx_word' id='word_1_190' title='bbox 241 3159 389 3218; x_wconf 90' lang='lat' dir='ltr'>nobilibus</span> <span class='ocrx_word' id='word_1_191' title='bbox 421 3160 560 3220; x_wconf 88' lang='lat' dir='ltr'>sedentes</span> <span class='ocrx_word' id='word_1_192' title='bbox 586 3160 683 3233; x_wconf 86' lang='lat' dir='ltr'>vesci,</span> <span class='ocrx_word' id='word_1_193' title='bbox 710 3160 742 3219; x_wconf 91' lang='lat' dir='ltr'>in</span> <span class='ocrx_word' id='word_1_194' title='bbox 769 3161 914 3237; x_wconf 87' lang='lat' dir='ltr'>adspectu</span> <span class='ocrx_word' id='word_1_195' title='bbox 941 3160 1190 3237; x_wconf 87' lang='lat' dir='ltr'>propinquorum,</span> <span class='ocrx_word' id='word_1_196' title='bbox 1215 3160 1334 3238; x_wconf 90' lang='lat' dir='ltr'>propria</span> <span class='ocrx_word' id='word_1_197' title='bbox 1354 3164 1386 3220; x_wconf 89' lang='lat' dir='ltr'>et</span> 
     </span>
     <span class='ocr_line' id='line_1_25' title="bbox 104 3263 368 3340; baseline 0.008 -17"><span class='ocrx_word' id='word_1_198' title='bbox 104 3263 237 3340; x_wconf 76' lang='lat' dir='ltr'>parcIore</span> <span class='ocrx_word' id='word_1_199' title='bbox 256 3283 368 3325; x_wconf 88' lang='lat' dir='ltr'>mensa.</span> 
     </span>
    </p>
   </div>
   <div class='ocr_carea' id='block_1_4' title="bbox 99 3415 1383 4925">
    <p class='ocr_par' dir='ltr' id='par_1_9' title="bbox 103 3415 1383 3823">
     <span class='ocr_line' id='line_1_26' title="bbox 104 3415 1383 3486; baseline 0.001 -17"><span class='ocrx_word' id='word_1_200' title='bbox 104 3435 156 3469; x_wconf 92' lang='lat' dir='ltr'>non</span> <span class='ocrx_word' id='word_1_201' title='bbox 168 3424 285 3484; x_wconf 88' lang='lat' dir='ltr'>poterat,</span> <span class='ocrx_word' id='word_1_202' title='bbox 302 3421 335 3470; x_wconf 84' lang='lat' dir='ltr'>cf.</span> <span class='ocrx_word' id='word_1_203' title='bbox 345 3420 393 3470; x_wconf 90' lang='lat' dir='ltr'>Dio</span> <span class='ocrx_word' id='word_1_204' title='bbox 402 3419 435 3469; x_wconf 98' lang='grc'>60</span> <span class='ocrx_word' id='word_1_205' title='bbox 445 3419 546 3484; x_wconf 75' lang='lat' dir='ltr'>,ta‚3:</span> <span class='ocrx_word' id='word_1_206' title='bbox 563 3415 717 3484; x_wconf 64' lang='grc' dir='ltr'><strong><em>καθημένας</em></strong></span> <span class='ocrx_word' id='word_1_207' title='bbox 772 3416 818 3485; x_wconf 79' lang='grc' dir='ltr'>τὴν</span> <span class='ocrx_word' id='word_1_208' title='bbox 835 3417 1012 3484; x_wconf 81' lang='grc' dir='ltr'><strong><em>ἱπποδρομίαν</em></strong></span> <span class='ocrx_word' id='word_1_209' title='bbox 1028 3418 1044 3469; x_wconf 82' lang='grc' dir='ltr'><em>ὅ</em></span> <span class='ocrx_word' id='word_1_210' title='bbox 1057 3417 1155 3486; x_wconf 81' lang='grc' dir='ltr'><strong><em>Νέρων</em></strong></span> <span class='ocrx_word' id='word_1_211' title='bbox 1176 3418 1383 3486; x_wconf 76' lang='grc' dir='ltr'><strong><em>μεγαλοπρεπῶς</em></strong></span> 
     </span>
     <span class='ocr_line' id='line_1_27' title="bbox 103 3499 1381 3572; baseline 0.002 -20"><span class='ocrx_word' id='word_1_212' title='bbox 103 3499 151 3568; x_wconf 82' lang='grc' dir='ltr'>γὰρ</span> <span class='ocrx_word' id='word_1_213' title='bbox 168 3529 203 3538; x_wconf 92' lang='grc'>-</span> <span class='ocrx_word' id='word_1_214' title='bbox 218 3500 270 3553; x_wconf 76' lang='grc' dir='ltr'>ὑπὸ</span> <span class='ocrx_word' id='word_1_215' title='bbox 288 3507 333 3568; x_wconf 84' lang='grc' dir='ltr'>τῆς</span> <span class='ocrx_word' id='word_1_216' title='bbox 351 3500 508 3567; x_wconf 81' lang='grc' dir='ltr'><em>ἀρρωστίας.</em></span> <span class='ocrx_word' id='word_1_217' title='bbox 527 3504 628 3554; x_wconf 85' lang='lat' dir='ltr'>Seneca</span> <span class='ocrx_word' id='word_1_218' title='bbox 643 3505 718 3555; x_wconf 82' lang='lat' dir='ltr'>addit</span> <span class='ocrx_word' id='word_1_219' title='bbox 770 3500 911 3565; x_wconf 79' lang='grc' dir='ltr'><strong><em>ἐπετέλεσε,</em></strong></span> <span class='ocrx_word' id='word_1_220' title='bbox 923 3501 969 3554; x_wconf 88' lang='grc' dir='ltr'>καὶ</span> <span class='ocrx_word' id='word_1_221' title='bbox 979 3501 1182 3572; x_wconf 80' lang='grc' dir='ltr'><strong><em>τὴνὈκυαβίαν</em></strong></span> <span class='ocrx_word' id='word_1_222' title='bbox 1190 3503 1219 3556; x_wconf 83' lang='grc' dir='ltr'>δὲ</span> <span class='ocrx_word' id='word_1_223' title='bbox 1228 3504 1284 3556; x_wconf 77' lang='grc' dir='ltr'><strong><em>τότε</em></strong></span> <span class='ocrx_word' id='word_1_224' title='bbox 1293 3503 1381 3571; x_wconf 85' lang='grc' dir='ltr'><strong><em>ἔγημε.</em></strong></span> 
     </span>
     <span class='ocr_line' id='line_1_28' title="bbox 105 3589 1381 3656; baseline 0.002 -19"><span class='ocrx_word' id='word_1_225' title='bbox 105 3589 198 3651; x_wconf 91' lang='lat' dir='ltr'>pedem</span> <span class='ocrx_word' id='word_1_226' title='bbox 213 3589 337 3638; x_wconf 84' lang='lat' dir='ltr'>dextrum</span> <span class='ocrx_word' id='word_1_227' title='bbox 353 3603 415 3638; x_wconf 89' lang='lat' dir='ltr'>eum</span> <span class='ocrx_word' id='word_1_228' title='bbox 425 3590 550 3651; x_wconf 87' lang='lat' dir='ltr'>traxisse,</span> <span class='ocrx_word' id='word_1_229' title='bbox 568 3590 601 3638; x_wconf 86' lang='lat' dir='ltr'>cf.</span> <span class='ocrx_word' id='word_1_230' title='bbox 612 3590 716 3651; x_wconf 85' lang='lat' dir='ltr'>Apocol.</span> <span class='ocrx_word' id='word_1_231' title='bbox 804 3593 936 3642; x_wconf 81' lang='lat' dir='ltr'>stomachi</span> <span class='ocrx_word' id='word_1_232' title='bbox 943 3595 1041 3643; x_wconf 81' lang='lat' dir='ltr'>dolore.</span> <span class='ocrx_word' id='word_1_233' title='bbox 1050 3593 1175 3656; x_wconf 83' lang='lat' dir='ltr'>intellego</span> <span class='ocrx_word' id='word_1_234' title='bbox 1185 3592 1301 3641; x_wconf 91' lang='lat' dir='ltr'>dolorem</span> <span class='ocrx_word' id='word_1_235' title='bbox 1310 3607 1381 3641; x_wconf 86' lang='lat' dir='ltr'>sern-</span> 
     </span>
     <span class='ocr_line' id='line_1_29' title="bbox 103 3671 1381 3741; baseline 0.003 -19"><span class='ocrx_word' id='word_1_236' title='bbox 103 3673 132 3736; x_wconf 87' lang='grc'>5,</span> <span class='ocrx_word' id='word_1_237' title='bbox 151 3673 180 3722; x_wconf 78' lang='lat'>2:</span> <span class='ocrx_word' id='word_1_238' title='bbox 203 3675 302 3737; x_wconf 77' lang='lat' dir='ltr'>pedenna</span> <span class='ocrx_word' id='word_1_239' title='bbox 320 3675 449 3723; x_wconf 68' lang='lat' dir='ltr'>decurram</span> <span class='ocrx_word' id='word_1_240' title='bbox 467 3674 582 3723; x_wconf 80' lang='lat' dir='ltr'>trabere.</span> <span class='ocrx_word' id='word_1_241' title='bbox 597 3671 625 3722; x_wconf 88' lang='lat'>3:</span> <span class='ocrx_word' id='word_1_242' title='bbox 644 3674 716 3723; x_wconf 81' lang='lat' dir='ltr'>inso—</span> <span class='ocrx_word' id='word_1_243' title='bbox 771 3691 817 3739; x_wconf 90' lang='lat' dir='ltr'>per</span> <span class='ocrx_word' id='word_1_244' title='bbox 833 3677 1006 3740; x_wconf 90' lang='lat' dir='ltr'>redeuntem,</span> <span class='ocrx_word' id='word_1_245' title='bbox 1024 3692 1107 3741; x_wconf 89' lang='lat' dir='ltr'>quare</span> <span class='ocrx_word' id='word_1_246' title='bbox 1124 3678 1310 3727; x_wconf 87' lang='lat' dir='ltr'>Lehmannum</span> <span class='ocrx_word' id='word_1_247' title='bbox 1325 3675 1381 3738; x_wconf 79' lang='lat' dir='ltr'>(hl.</span> 
     </span>
     <span class='ocr_line' id='line_1_30' title="bbox 104 3757 1381 3823; baseline 0.003 -17"><span class='ocrx_word' id='word_1_248' title='bbox 104 3757 185 3806; x_wconf 83' lang='lat' dir='ltr'>litam</span> <span class='ocrx_word' id='word_1_249' title='bbox 197 3757 605 3821; x_wconf 80' lang='lat' dir='ltr'>incessum.l,l:noapaaaibaa</span> <span class='ocrx_word' id='word_1_250' title='bbox 614 3758 715 3821; x_wconf 78' lang='lat' dir='ltr'>aequis.</span> <span class='ocrx_word' id='word_1_251' title='bbox 770 3775 794 3822; x_wconf 94' lang='lat' dir='ltr'>p.</span> <span class='ocrx_word' id='word_1_252' title='bbox 812 3759 861 3809; x_wconf 74' lang='lat'>362</span> <span class='ocrx_word' id='word_1_253' title='bbox 879 3761 901 3810; x_wconf 83' lang='lat' dir='ltr'><strong>A</strong></span> <span class='ocrx_word' id='word_1_254' title='bbox 918 3760 945 3823; x_wconf 76' lang='grc'>4)</span> <span class='ocrx_word' id='word_1_255' title='bbox 964 3777 978 3810; x_wconf 89' lang='grc'>6</span> <span class='ocrx_word' id='word_1_256' title='bbox 1002 3763 1057 3811; x_wconf 84' lang='grc'><strong>1666</strong></span> <span class='ocrx_word' id='word_1_257' title='bbox 1074 3761 1189 3810; x_wconf 88' lang='lat' dir='ltr'>Zonarae</span> <span class='ocrx_word' id='word_1_258' title='bbox 1206 3762 1282 3810; x_wconf 90' lang='lat' dir='ltr'>modo</span> <span class='ocrx_word' id='word_1_259' title='bbox 1300 3763 1381 3810; x_wconf 89' lang='lat' dir='ltr'>allato</span> 
     </span>
    </p>

    <p class='ocr_par' dir='ltr' id='par_1_10' title="bbox 101 3843 1380 4247">
     <span class='ocr_line' id='line_1_31' title="bbox 134 3843 1380 3910; baseline 0.004 -19"><span class='ocrx_word' id='word_1_260' title='bbox 134 3849 217 3905; x_wconf 83' lang='lat' dir='ltr'>caput</span> <span class='ocrx_word' id='word_1_261' title='bbox 233 3843 388 3892; x_wconf 82' lang='lat' dir='ltr'>tremulum.</span> <span class='ocrx_word' id='word_1_262' title='bbox 407 3849 512 3907; x_wconf 87' lang='lat' dir='ltr'>praeter</span> <span class='ocrx_word' id='word_1_263' title='bbox 526 3849 606 3908; x_wconf 88' lang='lat' dir='ltr'>caput</span> <span class='ocrx_word' id='word_1_264' title='bbox 621 3858 716 3893; x_wconf 87' lang='lat' dir='ltr'>manus</span> <span class='ocrx_word' id='word_1_265' title='bbox 769 3846 939 3910; x_wconf 85' lang='lat' dir='ltr'>colligentem</span> <span class='ocrx_word' id='word_1_266' title='bbox 962 3845 1103 3895; x_wconf 85' lang='lat' dir='ltr'>Claudium</span> <span class='ocrx_word' id='word_1_267' title='bbox 1127 3860 1151 3895; x_wconf 87' lang='lat' dir='ltr'>a.</span> <span class='ocrx_word' id='word_1_268' title='bbox 1174 3843 1266 3909; x_wconf 66' lang='lat'>805152</span> <span class='ocrx_word' id='word_1_269' title='bbox 1290 3846 1380 3896; x_wconf 91' lang='lat' dir='ltr'>morbo</span> 
     </span>
     <span class='ocr_line' id='line_1_32' title="bbox 104 3929 1321 3994; baseline 0.002 -18"><span class='ocrx_word' id='word_1_270' title='bbox 104 3942 211 3991; x_wconf 89' lang='lat' dir='ltr'>quoque</span> <span class='ocrx_word' id='word_1_271' title='bbox 236 3929 366 3978; x_wconf 88' lang='lat' dir='ltr'>tremulas</span> <span class='ocrx_word' id='word_1_272' title='bbox 390 3930 472 3978; x_wconf 88' lang='lat' dir='ltr'>fuisse</span> <span class='ocrx_word' id='word_1_273' title='bbox 495 3931 577 3979; x_wconf 87' lang='lat' dir='ltr'>tradit</span> <span class='ocrx_word' id='word_1_274' title='bbox 599 3930 647 3979; x_wconf 89' lang='lat' dir='ltr'>Dio</span> <span class='ocrx_word' id='word_1_275' title='bbox 669 3929 715 3979; x_wconf 64' lang='grc'>606</span> <span class='ocrx_word' id='word_1_276' title='bbox 769 3931 887 3980; x_wconf 84' lang='lat' dir='ltr'>cardiaco</span> <span class='ocrx_word' id='word_1_277' title='bbox 905 3936 1055 3993; x_wconf 89' lang='lat' dir='ltr'>correptum</span> <span class='ocrx_word' id='word_1_278' title='bbox 1073 3945 1130 3980; x_wconf 86' lang='lat' dir='ltr'>esse</span> <span class='ocrx_word' id='word_1_279' title='bbox 1148 3946 1201 3980; x_wconf 90' lang='lat' dir='ltr'>non</span> <span class='ocrx_word' id='word_1_280' title='bbox 1218 3945 1321 3994; x_wconf 89' lang='lat' dir='ltr'>sequor.</span> 
     </span>
     <span class='ocr_line' id='line_1_33' title="bbox 101 4010 1380 4079; baseline 0.001 -17"><span class='ocrx_word' id='word_1_281' title='bbox 101 4013 131 4075; x_wconf 75' lang='lat'>2,</span> <span class='ocrx_word' id='word_1_282' title='bbox 148 4010 172 4062; x_wconf 87' lang='lat' dir='ltr'>l.</span> <span class='ocrx_word' id='word_1_283' title='bbox 197 4011 235 4062; x_wconf 79' lang='lat' dir='ltr'>Cf.</span> <span class='ocrx_word' id='word_1_284' title='bbox 260 4028 366 4078; x_wconf 91' lang='lat' dir='ltr'>quoque</span> <span class='ocrx_word' id='word_1_285' title='bbox 393 4014 492 4063; x_wconf 88' lang='lat' dir='ltr'>Seneca</span> <span class='ocrx_word' id='word_1_286' title='bbox 516 4014 620 4078; x_wconf 80' lang='lat' dir='ltr'>Apocol.</span> <span class='ocrx_word' id='word_1_287' title='bbox 637 4013 667 4078; x_wconf 90' lang='grc'>6,</span> <span class='ocrx_word' id='word_1_288' title='bbox 685 4014 714 4064; x_wconf 72' lang='lat'>2:</span> <span class='ocrx_word' id='word_1_289' title='bbox 802 4018 912 4066; x_wconf 82' lang='lat' dir='ltr'>sesceni.</span> <span class='ocrx_word' id='word_1_290' title='bbox 939 4016 1018 4079; x_wconf 91' lang='lat' dir='ltr'>Lipsii</span> <span class='ocrx_word' id='word_1_291' title='bbox 1041 4015 1380 4078; x_wconf 65' lang='lat' dir='ltr'>correctionem&#39;saaapem&#39;</span> 
     </span>
     <span class='ocr_line' id='line_1_34' title="bbox 102 4098 1379 4163; baseline 0.002 -17"><span class='ocrx_word' id='word_1_292' title='bbox 102 4099 146 4149; x_wconf 83' lang='lat' dir='ltr'>illa</span> <span class='ocrx_word' id='word_1_293' title='bbox 158 4105 252 4148; x_wconf 80' lang='lat' dir='ltr'>autem</span> <span class='ocrx_word' id='word_1_294' title='bbox 266 4098 379 4150; x_wconf 81' lang='lat' dir='ltr'>Febrim</span> <span class='ocrx_word' id='word_1_295' title='bbox 394 4100 715 4162; x_wconf 77' lang='lat' dir='ltr'>duciiabebatillogcatu</span> <span class='ocrx_word' id='word_1_296' title='bbox 769 4104 875 4163; x_wconf 87' lang='lat' dir='ltr'>propter</span> <span class='ocrx_word' id='word_1_297' title='bbox 889 4101 1089 4162; x_wconf 79' lang='lat' dir='ltr'>patentissimis</span> <span class='ocrx_word' id='word_1_298' title='bbox 1107 4101 1170 4148; x_wconf 81' lang='lat' dir='ltr'>locis</span> <span class='ocrx_word' id='word_1_299' title='bbox 1187 4114 1240 4148; x_wconf 90' lang='lat' dir='ltr'>non</span> <span class='ocrx_word' id='word_1_300' title='bbox 1258 4114 1379 4149; x_wconf 87' lang='lat' dir='ltr'>necessa-</span> 
     </span>
     <span class='ocr_line' id='line_1_35' title="bbox 103 4168 923 4247; baseline 0.002 -15"><span class='ocrx_word' id='word_1_301' title='bbox 103 4184 204 4233; x_wconf 82' lang='lat' dir='ltr'>solatac</span> <span class='ocrx_word' id='word_1_302' title='bbox 219 4199 319 4233; x_wconf 78' lang='grc'><strong>666666</strong></span> <span class='ocrx_word' id='word_1_303' title='bbox 333 4184 370 4232; x_wconf 87' lang='lat' dir='ltr'>ad</span> <span class='ocrx_word' id='word_1_304' title='bbox 383 4183 524 4233; x_wconf 84' lang='lat' dir='ltr'>bocunam</span> <span class='ocrx_word' id='word_1_305' title='bbox 533 4184 599 4233; x_wconf 81' lang='lat' dir='ltr'>satis</span> <span class='ocrx_word' id='word_1_306' title='bbox 609 4184 713 4246; x_wconf 81' lang='lat' dir='ltr'>firnrca</span> <span class='ocrx_word' id='word_1_307' title='bbox 767 4168 834 4232; x_wconf 87' lang='lat' dir='ltr'>riam</span> <span class='ocrx_word' id='word_1_308' title='bbox 853 4189 923 4247; x_wconf 91' lang='lat' dir='ltr'>puto.</span> 
     </span>
    </p>

    <p class='ocr_par' dir='ltr' id='par_1_11' title="bbox 99 4266 1379 4925">
     <span class='ocr_line' id='line_1_36' title="bbox 131 4266 1379 4332; baseline 0 -16"><span class='ocrx_word' id='word_1_309' title='bbox 131 4270 269 4332; x_wconf 79' lang='lat' dir='ltr'>princeps.</span> <span class='ocrx_word' id='word_1_310' title='bbox 288 4269 335 4317; x_wconf 88' lang='lat' dir='ltr'>Dio</span> <span class='ocrx_word' id='word_1_311' title='bbox 353 4272 443 4317; x_wconf 88' lang='lat' dir='ltr'>tamen</span> <span class='ocrx_word' id='word_1_312' title='bbox 461 4266 519 4331; x_wconf 88' lang='grc'><strong>(60,</strong></span> <span class='ocrx_word' id='word_1_313' title='bbox 534 4267 563 4332; x_wconf 72' lang='lat'>2,</span> <span class='ocrx_word' id='word_1_314' title='bbox 578 4266 641 4330; x_wconf 89' lang='lat' dir='ltr'>l)in</span> <span class='ocrx_word' id='word_1_315' title='bbox 652 4269 713 4317; x_wconf 90' lang='lat' dir='ltr'>uni·</span> <span class='ocrx_word' id='word_1_316' title='bbox 801 4268 1262 4330; x_wconf 76' lang='lat' dir='ltr'>convivatus—aapcremiasarium.</span> <span class='ocrx_word' id='word_1_317' title='bbox 1274 4267 1307 4316; x_wconf 88' lang='lat' dir='ltr'>cl.</span> <span class='ocrx_word' id='word_1_318' title='bbox 1319 4266 1379 4316; x_wconf 86' lang='lat' dir='ltr'>Tac.</span> 
     </span>
     <span class='ocr_line' id='line_1_37' title="bbox 102 4347 1378 4416; baseline 0.002 -16"><span class='ocrx_word' id='word_1_319' title='bbox 102 4368 206 4403; x_wconf 89' lang='lat' dir='ltr'>versum</span> <span class='ocrx_word' id='word_1_320' title='bbox 230 4354 306 4403; x_wconf 89' lang='lat' dir='ltr'>dicit:</span> <span class='ocrx_word' id='word_1_321' title='bbox 330 4349 359 4401; x_wconf 80' lang='lat' dir='ltr'>ad</span> <span class='ocrx_word' id='word_1_322' title='bbox 383 4348 412 4402; x_wconf 84' lang='grc' dir='ltr'>δὲ</span> <span class='ocrx_word' id='word_1_323' title='bbox 435 4347 469 4416; x_wconf 82' lang='grc' dir='ltr'>δὴ</span> <span class='ocrx_word' id='word_1_324' title='bbox 488 4355 566 4415; x_wconf 86' lang='grc' dir='ltr'><strong><em>σῶμα</em></strong></span> <span class='ocrx_word' id='word_1_325' title='bbox 583 4348 712 4416; x_wconf 84' lang='grc' dir='ltr'>νοσώδης.</span> <span class='ocrx_word' id='word_1_326' title='bbox 767 4353 834 4402; x_wconf 81' lang='lat' dir='ltr'>Anu.</span> <span class='ocrx_word' id='word_1_327' title='bbox 844 4353 892 4402; x_wconf 87' lang='lat' dir='ltr'>XII</span> <span class='ocrx_word' id='word_1_328' title='bbox 901 4353 940 4401; x_wconf 84' lang='lat'>57.</span> <span class='ocrx_word' id='word_1_329' title='bbox 951 4353 987 4402; x_wconf 89' lang='lat' dir='ltr'>De</span> <span class='ocrx_word' id='word_1_330' title='bbox 997 4357 1113 4416; x_wconf 87' lang='lat' dir='ltr'>ternpore</span> <span class='ocrx_word' id='word_1_331' title='bbox 1122 4353 1181 4401; x_wconf 90' lang='lat' dir='ltr'>vide</span> <span class='ocrx_word' id='word_1_332' title='bbox 1190 4352 1222 4401; x_wconf 89' lang='lat' dir='ltr'>ad</span> <span class='ocrx_word' id='word_1_333' title='bbox 1231 4351 1329 4415; x_wconf 72' lang='lat' dir='ltr'>c.20,p.</span> <span class='ocrx_word' id='word_1_334' title='bbox 1337 4349 1378 4402; x_wconf 82' lang='lat'>91.</span> 
     </span>
     <span class='ocr_line' id='line_1_38' title="bbox 103 4436 1377 4500; baseline 0.002 -15"><span class='ocrx_word' id='word_1_335' title='bbox 103 4436 173 4487; x_wconf 89' lang='lat' dir='ltr'>ldem</span> <span class='ocrx_word' id='word_1_336' title='bbox 191 4438 262 4500; x_wconf 88' lang='lat' dir='ltr'>apud</span> <span class='ocrx_word' id='word_1_337' title='bbox 279 4437 339 4488; x_wconf 89' lang='grc' dir='ltr'><strong>Ζ66.</strong></span> <span class='ocrx_word' id='word_1_338' title='bbox 357 4437 393 4486; x_wconf 88' lang='grc' dir='ltr'>ΧΙ</span> <span class='ocrx_word' id='word_1_339' title='bbox 410 4436 441 4486; x_wconf 85' lang='lat' dir='ltr'>ll</span> <span class='ocrx_word' id='word_1_340' title='bbox 462 4452 485 4500; x_wconf 90' lang='lat' dir='ltr'>p.</span> <span class='ocrx_word' id='word_1_341' title='bbox 503 4436 550 4486; x_wconf 73' lang='lat'>471</span> <span class='ocrx_word' id='word_1_342' title='bbox 570 4436 711 4487; x_wconf 86' lang='lat' dir='ltr'>Claudiurn</span> <span class='ocrx_word' id='word_1_343' title='bbox 799 4439 944 4488; x_wconf 80' lang='lat' dir='ltr'>adhibebat</span> <span class='ocrx_word' id='word_1_344' title='bbox 960 4439 1035 4488; x_wconf 80' lang='lat' dir='ltr'>omni</span> <span class='ocrx_word' id='word_1_345' title='bbox 1049 4437 1377 4487; x_wconf 74' lang='lat' dir='ltr'>cenae-liberoa.cf.&#39;l&#39;ac.</span> 
     </span>
     <span class='ocr_line' id='line_1_39' title="bbox 102 4519 967 4586; baseline 0.002 -16"><span class='ocrx_word' id='word_1_346' title='bbox 102 4536 122 4571; x_wconf 86' lang='lat' dir='ltr'>a.</span> <span class='ocrx_word' id='word_1_347' title='bbox 145 4519 239 4586; x_wconf 68' lang='lat'>805152</span> <span class='ocrx_word' id='word_1_348' title='bbox 261 4522 353 4571; x_wconf 91' lang='lat' dir='ltr'>morbo</span> <span class='ocrx_word' id='word_1_349' title='bbox 376 4525 526 4585; x_wconf 91' lang='lat' dir='ltr'>correptum</span> <span class='ocrx_word' id='word_1_350' title='bbox 544 4537 600 4571; x_wconf 87' lang='lat' dir='ltr'>csse</span> <span class='ocrx_word' id='word_1_351' title='bbox 617 4523 712 4572; x_wconf 90' lang='lat' dir='ltr'>tradit:</span> <span class='ocrx_word' id='word_1_352' title='bbox 765 4524 833 4572; x_wconf 86' lang='lat' dir='ltr'>Ann.</span> <span class='ocrx_word' id='word_1_353' title='bbox 850 4523 911 4572; x_wconf 89' lang='lat' dir='ltr'>Xlll</span> <span class='ocrx_word' id='word_1_354' title='bbox 927 4522 967 4572; x_wconf 83' lang='lat' dir='ltr'>lb.</span> 
     </span>
     <span class='ocr_line' id='line_1_40' title="bbox 101 4602 1377 4672; baseline 0.001 -17"><span class='ocrx_word' id='word_1_355' title='bbox 101 4602 270 4671; x_wconf 81' lang='grc' dir='ltr'><strong><em>Νοσήσαντος</em></strong></span> <span class='ocrx_word' id='word_1_356' title='bbox 288 4602 317 4655; x_wconf 84' lang='grc' dir='ltr'>δὲ</span> <span class='ocrx_word' id='word_1_357' title='bbox 333 4602 399 4669; x_wconf 80' lang='grc' dir='ltr'><strong><em>μετὰ</em></strong></span> <span class='ocrx_word' id='word_1_358' title='bbox 416 4609 496 4655; x_wconf 80' lang='grc' dir='ltr'><strong><em>ταῦτα</em></strong></span> <span class='ocrx_word' id='word_1_359' title='bbox 513 4609 559 4655; x_wconf 82' lang='grc' dir='ltr'>τοῦ</span> <span class='ocrx_word' id='word_1_360' title='bbox 575 4603 711 4657; x_wconf 81' lang='grc' dir='ltr'><strong><em>Κλαυδίου</em></strong></span> <span class='ocrx_word' id='word_1_361' title='bbox 798 4610 835 4657; x_wconf 84' lang='lat' dir='ltr'>ad</span> <span class='ocrx_word' id='word_1_362' title='bbox 861 4609 950 4671; x_wconf 81' lang='lat' dir='ltr'>fulcra</span> <span class='ocrx_word' id='word_1_363' title='bbox 976 4610 1106 4659; x_wconf 78' lang='lat' dir='ltr'>lectorum</span> <span class='ocrx_word' id='word_1_364' title='bbox 1131 4609 1260 4657; x_wconf 81' lang='lat' dir='ltr'>sedentes.</span> <span class='ocrx_word' id='word_1_365' title='bbox 1298 4610 1377 4672; x_wconf 84' lang='lat' dir='ltr'>vulgo</span> 
     </span>
     <span class='ocr_line' id='line_1_41' title="bbox 101 4685 1377 4756; baseline 0.005 -20"><span class='ocrx_word' id='word_1_366' title='bbox 101 4687 221 4754; x_wconf 78' lang='grc' dir='ltr'><strong><em>εἶσῆλδευ</em></strong></span> <span class='ocrx_word' id='word_1_367' title='bbox 243 4687 259 4738; x_wconf 85' lang='grc' dir='ltr'>ὁ</span> <span class='ocrx_word' id='word_1_368' title='bbox 280 4688 378 4754; x_wconf 84' lang='grc' dir='ltr'><em>Νέρων</em></span> <span class='ocrx_word' id='word_1_369' title='bbox 395 4687 432 4744; x_wconf 85' lang='grc' dir='ltr'>εἷς</span> <span class='ocrx_word' id='word_1_370' title='bbox 450 4685 479 4738; x_wconf 78' lang='grc' dir='ltr'>τὸ</span> <span class='ocrx_word' id='word_1_371' title='bbox 496 4687 633 4753; x_wconf 81' lang='grc' dir='ltr'><strong><em>συνέδριον</em></strong></span> <span class='ocrx_word' id='word_1_372' title='bbox 650 4688 710 4752; x_wconf 85' lang='grc' dir='ltr'>καὶ,</span> <span class='ocrx_word' id='word_1_373' title='bbox 765 4694 797 4742; x_wconf 88' lang='lat' dir='ltr'>ad</span> <span class='ocrx_word' id='word_1_374' title='bbox 815 4694 888 4742; x_wconf 91' lang='lat' dir='ltr'>hunc</span> <span class='ocrx_word' id='word_1_375' title='bbox 904 4695 991 4742; x_wconf 90' lang='lat' dir='ltr'>locum</span> <span class='ocrx_word' id='word_1_376' title='bbox 1009 4694 1125 4742; x_wconf 82' lang='lat' dir='ltr'>afferunt</span> <span class='ocrx_word' id='word_1_377' title='bbox 1142 4694 1208 4756; x_wconf 83' lang='lat' dir='ltr'>Aug.</span> <span class='ocrx_word' id='word_1_378' title='bbox 1226 4691 1273 4742; x_wconf 75' lang='lat' dir='ltr'>ol:</span> <span class='ocrx_word' id='word_1_379' title='bbox 1290 4707 1377 4755; x_wconf 83' lang='lat' dir='ltr'>aequa</span> 
     </span>
     <span class='ocr_line' id='line_1_42' title="bbox 100 4771 1377 4840; baseline 0.004 -19"><span class='ocrx_word' id='word_1_380' title='bbox 100 4771 122 4822; x_wconf 82' lang='grc' dir='ltr'>εἰ</span> <span class='ocrx_word' id='word_1_381' title='bbox 137 4771 324 4840; x_wconf 79' lang='grc' dir='ltr'><strong><em>ἀναρρωσδείη</em></strong></span> <span class='ocrx_word' id='word_1_382' title='bbox 342 4773 358 4824; x_wconf 83' lang='grc' dir='ltr'>ὁ</span> <span class='ocrx_word' id='word_1_383' title='bbox 371 4772 517 4836; x_wconf 84' lang='grc' dir='ltr'><strong><em>Κλαύδιος,</em></strong></span> <span class='ocrx_word' id='word_1_384' title='bbox 535 4773 712 4840; x_wconf 82' lang='grc' dir='ltr'><strong><em>ἱπποδρομίαν</em></strong></span> <span class='ocrx_word' id='word_1_385' title='bbox 765 4779 871 4828; x_wconf 79' lang='lat' dir='ltr'>cenavit</span> <span class='ocrx_word' id='word_1_386' title='bbox 886 4793 955 4840; x_wconf 83' lang='lat' dir='ltr'>aaa,</span> <span class='ocrx_word' id='word_1_387' title='bbox 973 4779 1029 4827; x_wconf 75' lang='lat' dir='ltr'>niti</span> <span class='ocrx_word' id='word_1_388' title='bbox 1043 4784 1073 4826; x_wconf 85' lang='lat' dir='ltr'>ut</span> <span class='ocrx_word' id='word_1_389' title='bbox 1087 4784 1194 4840; x_wconf 80' lang='lat' dir='ltr'>nepotes</span> <span class='ocrx_word' id='word_1_390' title='bbox 1209 4778 1303 4828; x_wconf 80' lang='lat' dir='ltr'>ininro</span> <span class='ocrx_word' id='word_1_391' title='bbox 1313 4778 1377 4827; x_wconf 82' lang='lat' dir='ltr'>lecto</span> 
     </span>
     <span class='ocr_line' id='line_1_43' title="bbox 99 4854 1375 4925; baseline 0.004 -19"><span class='ocrx_word' id='word_1_392' title='bbox 99 4854 225 4924; x_wconf 78' lang='grc' dir='ltr'><strong><em>ὑπέσχετο</em></strong></span> <span class='ocrx_word' id='word_1_393' title='bbox 242 4885 276 4893; x_wconf 94' lang='grc'>-</span> <span class='ocrx_word' id='word_1_394' title='bbox 293 4855 431 4923; x_wconf 78' lang='grc' dir='ltr'><strong><em>ῥαΐσαυτος</em></strong></span> <span class='ocrx_word' id='word_1_395' title='bbox 455 4856 485 4910; x_wconf 86' lang='grc' dir='ltr'>δὲ</span> <span class='ocrx_word' id='word_1_396' title='bbox 509 4865 554 4911; x_wconf 78' lang='grc' dir='ltr'>τοῦ</span> <span class='ocrx_word' id='word_1_397' title='bbox 574 4858 710 4911; x_wconf 86' lang='grc' dir='ltr'><strong><em>Κλαυδίου</em></strong></span> <span class='ocrx_word' id='word_1_398' title='bbox 765 4864 928 4925; x_wconf 79' lang='lat' dir='ltr'>assiderent,</span> <span class='ocrx_word' id='word_1_399' title='bbox 946 4863 992 4912; x_wconf 90' lang='lat' dir='ltr'>ubi</span> <span class='ocrx_word' id='word_1_400' title='bbox 1009 4867 1100 4912; x_wconf 90' lang='lat' dir='ltr'>tamen</span> <span class='ocrx_word' id='word_1_401' title='bbox 1119 4865 1150 4912; x_wconf 80' lang='lat' dir='ltr'>ia</span> <span class='ocrx_word' id='word_1_402' title='bbox 1166 4864 1222 4913; x_wconf 79' lang='lat' dir='ltr'>a&#39;mo</span> <span class='ocrx_word' id='word_1_403' title='bbox 1241 4863 1305 4913; x_wconf 83' lang='lat' dir='ltr'>lecto</span> <span class='ocrx_word' id='word_1_404' title='bbox 1323 4864 1375 4911; x_wconf 84' lang='lat' dir='ltr'>non</span> 
     </span>
    </p>
   </div>
   <div class='ocr_carea' id='block_1_5' title="bbox 0 0 1666 5512">
    <p class='ocr_par' dir='ltr' id='par_1_12' title="bbox 0 0 1666 5512">
     <span class='ocr_line' id='line_1_44' title="bbox 0 0 1666 5512; baseline 0 5"><span class='ocrx_word' id='word_1_405' title='bbox 0 0 1666 5512; x_wconf 95' lang='lat' dir='ltr'> </span> 
     </span>
    </p>
   </div>
  </div>
 </body>
</html>
