3322 5512
437 346 460 383 Α
622 329 675 386 167

6 512 139 584 diorum
166 514 388 604 commerci03
414 477 473 627 a&
483 534 588 607 saepe
606 511 640 583 in
653 520 781 601 ‚senatu
802 512 928 605 legatis
946 522 1115 608 perpetua
1134 512 1287 585 oratione

6 636 192 731 respondit.
227 637 376 709 Multum
409 659 493 709 vero
518 659 580 731 pro
606 636 770 709 tribunali
797 640 901 710 etiam
929 637 1124 710 Homericis
1149 638 1288 711 locutus

7 771 59 833 est
94 761 261 833 versibus
301 759 471 848 Quotiens
505 760 644 854 quidem
677 761 810 834 hostem
849 761 904 833 vel
930 761 1167 835 insidiatorem
1193 763 1289 836 ultus

7 895 117 973 esset,
147 884 337 958 excubitori
363 885 501 957 tribuno
528 885 667 978 signnm
694 884 738 957 de
763 908 859 958 more
884 885 1038 981 poscenti
1065 909 1132 959 non
1159 896 1289 960 temere

7 1010 102 1083 aliud
130 1009 226 1082 dedit
251 1033 375 1104 quam:

197 1135 306 1214 ”Ανδρ’
330 1133 577 1212 οὶσκμύνασὲικι,
602 1131 651 1199 ὅτε
675 1160 720 1206 τις
745 1135 886 1215 πρότερος
910 1137 1086 1216 χαλεπήνῃ.

55 1259 216 1353 Denique
249 1268 284 1332 et
318 1259 476 1332 Graecas
502 1258 640 1355 scripsit
665 1258 846 1346 historias,
881 1261 1122 1356 Tyrrhenicon
1150 1261 1288 1356 viginti,

7 1382 311 1458 Carchedoniacon
339 1393 423 1457 octo.
450 1383 608 1472 Quarum
634 1408 743 1458 causa
769 1385 877 1458 veteri
896 1385 1137 1459 Alexandriae
1154 1387 1291 1459 Musio*

7 1506 162 1579 additum
205 1531 249 1579 cx
288 1507 398 1603 ipsius
433 1508 589 1600 nomine;
630 1508 896 1603 institutumque
930 1520 969 1583 ut
1002 1520 1086 1605 quot
1119 1511 1221 1583 annis
1254 1510 1289 1582 in

7 1631 115 1703 altero
163 1629 404 1728 Tyrrhenicon
449 1631 545 1724 libri,
589 1632 624 1704 iu
668 1633 779 1706 altero
822 1632 1128 1707 Carchedoniacon
1167 1633 1291 1707 diebus

6 1755 145 1828 statutis
171 1755 328 1828 velutin
354 1755 524 1828 auditorio
549 1756 779 1830 recitarentur
804 1757 865 1830 toti
891 1782 913 1830 a
938 1758 1087 1852 singulis
1104 1781 1167 1854 per
1185 1759 1289 1832 vices.

45 1980 106 2037 Dio
136 1982 184 2052 60,
214 1981 259 2053 16,
291 1983 306 2037 7
333 2005 373 2029 --
403 1980 474 2039 Zou.
503 1981 552 2039 XI
572 1983 591 2038 9
606 2000 638 2056 p.
660 1983 732 2040 465.
779 1981 929 2052 Κλαύδιος
961 1983 992 2046 δὲ
1024 1982 1098 2046 οὕτω
1130 2007 1187 2046 σου
1220 1981 1291 2062 πρὸς

6 2087 58 2158 τὴν
83 2086 226 2165 τιμωρίαν
250 2088 303 2161 τήν
328 2110 362 2150 σε
386 2086 499 2149 ἐκείνων
524 2087 576 2149 καί
600 2088 653 2159 τὴν
677 2092 733 2151 τῶν
755 2086 856 2150 ἄλλων
875 2087 965 2167 ἔσχεν
982 2087 1058 2152 ὥστε
1075 2089 1127 2151 καί
1145 2085 1289 2164 σύνθημα

6 2200 66 2264 τοῖς
102 2194 301 2273 στρατιώταις
336 2193 369 2256 τὸ
405 2193 475 2264 ἔπος
510 2199 596 2257 τοῦτο
633 2200 767 2274 συνεχῶς
802 2194 930 2269 διδόναι,
962 2195 995 2258 τὸ
1031 2192 1074 2260 ὅτι
1109 2197 1170 2276 χρὴ
1206 2195 1288 2276 ἄνδρ’

6 2299 237 2378 ἀπαμύνασθαι
262 2295 310 2363 ὅτε
334 2324 379 2370 τις
404 2298 543 2379 πρότερος
567 2303 743 2381 χαλεπήνῃ.
768 2303 820 2365 axi
845 2301 933 2365 οίλλκ
957 2303 989 2367 δὲ
1014 2302 1121 2367 πολλοὶ
1144 2301 1289 2382 καὶπρὸς

6 2407 132 2478 ἐκείνους
154 2407 206 2470 καί
231 2407 304 2486 πρὸς
321 2410 375 2480 τὴν
391 2407 506 2485 βουλὴν
523 2406 739 2488 τοιουτότροπα
756 2409 910 2483 ἑλληνιστὶ
925 2409 1189 2492 παρεφθέγγετο,
1213 2409 1289 2474 durs

5 2513 56 2576 καί
75 2513 198 2588 γέλωτα
223 2514 309 2593 παροδ
333 2520 393 2585 τοῖς
418 2514 594 2591 δυναμένοις
618 2514 697 2579 ἔστιν
721 2507 742 2578 ολ
765 2517 863 2579 αὐτῶν
888 2523 1014 2581 συνεῖναι
1038 2518 1243 2598 ὀφλισκάνειν.

38 2705 188 2754 excubitori
215 2706 330 2754 tribuno.
353 2706 380 2753 in
399 2705 499 2754 Palatio
517 2721 620 2769 semper
673 2707 774 2770 cipibus
809 2708 923 2771 Aegypti
959 2708 1072 2757 dominis
1105 2713 1210 2757 creatus
1244 2705 1288 2768 (cf.

6 2790 98 2839 cohors
121 2789 253 2853 praetoria
275 2795 366 2852 togata
383 2790 493 2839 excubia
511 2791 618 2855 agebat,
674 2791 767 2841 Strabo
790 2792 861 2841 xvir
883 2809 907 2856 p.
931 2791 992 2842 794:
1017 2789 1069 2841 ἔστι
1087 2787 1117 2840 δὲ
1134 2797 1166 2856 τῇ
1183 2789 1289 2855 συνόδῳ

6 2876 38 2924 cf.
55 2874 114 2923 Tac.
133 2875 201 2923 Ann.
219 2875 267 2923 llll
284 2872 330 2923 69:
348 2875 384 2923 ud
401 2875 537 2924 eohortem
549 2890 619 2938 quoe
673 2872 752 2940 ταύτῃ
771 2872 801 2925 τὰ
818 2873 942 2940 χρήματα
960 2872 1036 2924 κοινὰ
1053 2873 1100 2925 καὶ
1117 2871 1202 2940 ἱερεὺς
1220 2873 1236 2924 ὁ
1246 2872 1289 2924 εἰνὶ

6 2974 80 3008 more
97 2960 215 3008 utilitiae
231 2959 354 3008 eaeeubiis
371 2960 454 3008 adest.
469 2958 542 3007 Suet.
556 2957 617 3008 Oth.

5 3043 34 3106 (53
58 3045 119 3093 Ner.
143 3042 167 3093 8.
191 3042 231 3092 tt.
254 3043 314 3092 Tac.
339 3043 404 3092 Hist.
427 3044 438 3092 Ι
462 3043 508 3107 293
530 3043 616 3104 11383

4 3129 107 3191 ipsique
139 3128 267 3190 principes
298 3142 402 3189 semper
432 3128 539 3177 tribuno
571 3130 619 3192 qni

5 3214 106 3263 cohorti
118 3218 239 3274 praeerat
251 3213 357 3276 signum
371 3212 482 3275 dabant,
500 3214 532 3262 cs.
545 3213 618 3262 Suet.

5 3298 61 3347 Gai.
75 3297 115 3346 56.
128 3296 173 3361 59;
191 3297 252 3347 Ner.
265 3297 288 3346 a.
302 3298 362 3346 Tac.
374 3298 442 3346 Anu.
455 3299 466 3346 Ι
480 3297 508 3360 7;
524 3297 617 3347 lllll3.

39 3383 195 3431 excubitori.
214 3382 373 3430 adiectivum
392 3387 423 3431 ut
441 3382 617 3446 Verg.Moret.

5 3465 33 3516 ‘22
59 3467 200 3515 cxcrcbttor
225 3468 280 3515 ales
306 3466 422 3530 (gellus).

37 3549 110 3615 ἄνδρ’
147 3549 344 3614 ἀπαμύνασθαι.
388 3568 479 3602 versus
521 3554 619 3617 legitur

6 3636 97 3701 Odyss.
114 3653 134 3684 π
152 3636 183 3685 72
200 3643 228 3685 et
245 3654 266 3700 φ
284 3635 341 3686 133.

42 3723 233 3784 Tyrrhenicon.
260 3736 274 3770 e
300 3723 444 3784 specimine
470 3724 540 3786 quod
564 3725 618 3786 ipse

5 3806 133 3855 Claudius
150 3806 266 3855 deditio
284 3807 402 3856 oratione
420 3809 452 3856 de
465 3808 521 3856 iure
535 3808 618 3856 horro-

5 3907 65 3940 rum
87 3891 170 3940 Gallis
188 3892 275 3939 danda
292 3890 345 3940 Col.
366 3892 375 3939 Ι
393 3894 409 3940 l.
428 3890 527 3940 15-‘23
544 3890 618 3953 (narn

4 3976 97 4025 eadem
123 3977 180 4024 sine
206 3976 286 4024 dubio
312 3976 339 4036 in
364 3977 479 4026 Etruscis
504 3977 619 4026 historiis

3 4052 118 4125 scripsit)v
141 4066 214 4124 patet
237 4061 365 4109 iacturam
389 4076 482 4110 earum
500 4076 618 4110 summo-

5 4160 66 4208 pere
90 4146 231 4194 dolendam
256 4160 326 4208 esse,
349 4162 411 4195 cum
429 4147 509 4195 etiam
528 4147 619 4196 Tuscis

4 4230 123 4278 fontibus
142 4245 205 4279 usus
222 4231 263 4279 sit.

37 4317 120 4364 veteri
144 4315 239 4363 Music.
263 4320 339 4364 vetus
360 4316 496 4376 Museum‚
521 4333 536 4366 a
558 4332 618 4380 rege

5 4399 155 4449 Ptolemaeo
185 4399 354 4462 Philadelpho
380 4401 547 4463 institutum,
574 4400 618 4462 (cf.

5 4483 152 4546 Susemihl‚
183 4483 276 4532 Gesch.
308 4487 331 4534 d.
361 4485 403 4534 Gr.
431 4485 492 4534 Litt.
518 4487 546 4534 in
573 4486 620 4535 der

4 4569 204 4618 Alexanderzeit
222 4570 232 4617 l
251 4584 274 4631 p.
294 4567 320 4630 7)
337 4571 419 4618 situm
435 4576 492 4618 erat
510 4571 536 4618 in
549 4570 617 4632 rico,

4 4654 47 4702 cni
77 4669 174 4703 nomen
205 4655 382 4716 Bruccheum‚
415 4669 493 4716 propo
524 4669 618 4716 regum

5 4737 129 4801 domum,
156 4738 391 4801 circumdabatquc
408 4740 539 4800 templum
559 4739 618 4787 Mu-

5 4836 103 4872 sarum.
128 4823 166 4885 rs,
190 4823 237 4886 qui
260 4823 352 4871 Museo
376 4827 496 4885 praeerat
512 4837 528 4870 a
545 4823 617 4885 prin-

672 2965 709 3023 τῷ
740 2958 869 3024 Μουσείῳ
900 2957 1051 3024 τεταγμένος
1082 2959 1138 3009 τότε
1162 2957 1211 3023 μἐν
1237 2957 1289 3010 ὑπὸ

672 3049 725 3092 τῶν
741 3041 887 3109 βασιλέων,
905 3049 952 3094 νῦν
970 3040 999 3093 δὲ
1016 3041 1068 3093 ὑπὸ
1086 3049 1133 3093 τοῦ
1142 3043 1288 3110 Καίσαρος)

673 3130 783 3179 sortasse
808 3134 960 3193 procurator
983 3130 1098 3192 Augusti
1114 3136 1186 3192 eret,
1210 3131 1242 3178 cf.
1261 3130 1287 3179 C.

674 3215 691 3263 1.
715 3213 759 3263 Gr.
783 3213 863 3263 5900:
888 3210 1008 3278 ἀρχιερεῖ
1025 3210 1218 3276 Ἀλεξανδρείας
1242 3210 1288 3263 καί

672 3294 806 3363 Αἰγύπτου
816 3285 901 3363 οιάσης
910 3295 956 3346 καί
965 3294 1086 3362 ἐπιστάτῃ
1096 3302 1142 3346 τοῦ
1151 3295 1288 3347 Μουσείου

672 3380 782 3446 Λευκίῳ
789 3380 891 3446 Ἰουλίῳ
912 3379 1050 3446 Οὐηστίνῳ
1068 3378 1114 3431 καὶ
1131 3378 1174 3430 εὀιὶ
1192 3385 1245 3431 τῶν
1261 3379 1289 3430 ἐν

669 3464 760 3531 Ῥώμῃ
790 3465 976 3532 βιβλιοθηκῶν
1004 3464 1165 3530 Ῥωμαϊκῶν
1190 3483 1217 3515 τε
1241 3463 1288 3516 καί

668 3549 832 3617 Ἑλληνικῶν
848 3542 889 3600 -’.

706 3639 835 3687 additum
865 3653 899 3687 ex
925 3638 1011 3701 ipsius
1039 3636 1157 3686 νοοιιιίνιε.
1185 3641 1289 3698 μνααῖαι

674 3721 800 3772 Wolfium
832 3720 922 3783 (tacite
952 3722 1077 3770 Museum
1105 3722 1288 3783 supplentem,

672 3808 743 3870 quod
768 3806 825 3856 heri
849 3821 923 3869 posse
948 3803 1040 3869 nego),
1065 3819 1156 3854 omnes
1174 3806 1288 3854 editores

673 3898 743 3941 recte
767 3894 890 3941 lacunam
916 3895 1084 3953 statuerunt,
1109 3891 1180 3939 varia
1196 3895 1287 3939 tamen

673 3977 858 4039 supplementa
884 3982 1078 4039 prompserunt.
1108 3975 1150 4025 Sic
1176 3976 1288 4025 Ursinus

672 4061 804 4124 suppleuit
827 4062 958 4125 alterum,
989 4062 1101 4111 Rothius
1126 4061 1287 4111 Cbuuda‘eum

672 4144 716 4208 (de
740 4147 789 4195 hoc
806 4148 991 4209 supplemento
1008 4147 1040 4196 ef.
1059 4162 1081 4195 e.
1100 4162 1123 4210 g.
1141 4147 1201 4196 Tac.
1219 4147 1286 4196 Ann.

672 4231 684 4279 Ι
708 4230 754 4278 15:
782 4231 871 4293 ludos,
898 4233 947 4294 qui
973 4233 1006 4281 de
1031 4235 1143 4282 υονοιὶνια
1169 4231 1288 4294 Αυρυειί

673 4315 754 4377 fustis
787 4317 877 4365 additi
908 4317 1070 4379 Aupustulcs
1100 4316 1287 4380 vocarentur),

673 4401 754 4449 Polah
773 4399 801 4461 (l.
821 4403 837 4449 l.
856 4416 879 4463 p.
898 4399 942 4462 38)
959 4402 1051 4462 uliud,
1070 4401 1097 4449 hi
1113 4403 1286 4450 omneslacu-

673 4501 735 4534 nam
753 4491 815 4534 ante
830 4486 957 4534 additum
967 4490 1129 4548 statuenteS‚
1147 4485 1288 4535 Dreehsler

673 4586 733 4619 vero
751 4569 884 4631 (Zeitschr.
903 4571 946 4618 fiir
968 4553 1066 4618 O'sterr.
1085 4569 1182 4632 Gymn.
1199 4569 1228 4619 lt
1264 4586 1286 4633 p.

672 4653 732 4715 195)
764 4654 907 4717 legendum
932 4660 1023 4703 censet
1045 4656 1157 4703 montiae
1179 4668 1286 4703 nouum.

672 4738 691 4786 E
715 4738 813 4801 quibus
836 4739 993 4787 commentis
1015 4739 1081 4786 mihi
1100 4743 1131 4787 ut
1147 4739 1286 4801 simplicis-

673 4822 741 4871 sima
750 4822 840 4871 Ursini
848 4827 875 4870 et
883 4822 1033 4871 Dreehsleri
1048 4823 1162 4872 maxime
1175 4825 1286 4887 placent,
