3322 5512
749 332 786 395 17

132 605 134 609 ,
171 521 235 594 111.
287 518 492 616 Disciplinis
537 528 652 592 tamen
698 519 902 593 liberalibus
940 519 985 592 ab
1024 528 1139 592 aetate
1182 519 1295 617 prima
1338 544 1407 594 non
1512 523 1536 596 ’.
1588 582 1595 596 .

124 645 331 720 mediocrem
355 668 497 742 operam
522 643 617 718 dedit
643 668 684 717 ac
710 667 816 741 saepe
843 644 1082 741 experimenta
1107 644 1275 740 cuiusque
1303 645 1406 718 etiarn

123 770 322 866 publicavit.
356 772 489 848 Verum
523 794 567 843 ne
600 769 651 843 sio
676 768 818 864 quidem
843 769 1032 864 quicquam
1058 768 1239 864 dignitatis
1265 770 1406 864 assequi

124 903 184 970 aut
209 919 308 991 spem
333 896 376 969 de
402 919 440 968 se
466 894 730 968 commodiorem
756 894 791 966 in
817 903 994 990 posterum
1012 897 1127 967 facere
1145 894 1266 991 potuit.
1292 895 1407 967 Mater

122 1019 276 1095 Antonia
310 1029 506 1117 portentum
538 1043 618 1093 eum
651 1019 800 1093 bominis
834 1018 1031 1110 dictitabat,
1065 1042 1129 1092 nec
1159 1019 1357 1093 absolutum
1385 1043 1407 1091 a

124 1154 262 1238 natura,
296 1144 360 1219 sed
392 1153 529 1219 tantum
561 1143 779 1239 incohatum3
813 1168 855 1217 ao
889 1143 920 1216 si
946 1166 1050 1239 quem
1075 1143 1256 1217 socordiae
1282 1167 1407 1239 argue-

124 1279 193 1364 ret,
231 1270 424 1344 stultiorem
462 1269 578 1343 aiebat
615 1268 686 1342 filio
724 1291 788 1342 suo
823 1267 981 1341 Claudio.
1017 1266 1111 1341 Avia
1145 1267 1310 1363 Augusta
1343 1291 1407 1363 pro

126 1394 386 1492 despectissimo
419 1417 558 1491 semper
591 1392 729 1485 habuit,
767 1415 836 1465 non
870 1392 971 1466 affari
1006 1391 1073 1464 nisi
1106 1392 1302 1487 rarissime,
1340 1416 1409 1466 non

125 1543 265 1593 monere
310 1519 377 1592 nisi
424 1519 549 1592 acerbo
596 1528 630 1592 et
676 1518 774 1592 brevi
812 1518 941 1615 scripto
978 1527 1045 1591 aut
1076 1541 1139 1615 per
1177 1518 1408 1591 internuntios

126 1644 236 1717 solita.
275 1645 380 1718 Soror
417 1643 548 1716 Liuilla
586 1666 664 1715 oum
703 1642 860 1716 audisset
898 1642 1106 1738 quandoque
1140 1642 1408 1738 imperaturum,
1453 1720 1456 1726 ,

124 1776 195 1842 tarn
228 1768 384 1863 iniquam
419 1778 453 1842 et
487 1776 558 1842 tam
593 1767 773 1864 indignam
807 1776 935 1841 sortem
969 1767 1008 1840 P.
1034 1769 1076 1841 R.
1102 1768 1220 1863 palam
1255 1778 1289 1842 et
1315 1769 1408 1841 clare

126 1892 298 1967 detestata
330 1902 391 1966 est.
430 1893 523 1968 Nam
556 1893 754 1966 avunculus
779 1893 889 1966 maior
914 1891 1100 1988 Augustus
1126 1891 1280 1987 quidde
1306 1915 1347 1966 eo
1372 1893 1407 1964 in

169 2047 230 2105 Tac.
251 2048 331 2105 Ann.
360 2046 403 2105 VI
418 2048 468 2104 46.
505 2046 542 2104 de
570 2045 694 2104 Claudio
720 2045 845 2122 agitanti
871 2044 1026 2122 (Tiberio),
1052 2045 1132 2126 quod
1152 2045 1179 2104 is
1200 2046 1342 2103 bonarum
1363 2063 1408 2102 ar·

127 2152 203 2212 tium
223 2152 348 2230 cupiens
369 2159 440 2212 erat.

165 2259 226 2318 Dio
256 2262 311 2334 60,
341 2262 378 2334 2,
405 2261 482 2318 1=
502 2260 572 2318 Zon.
593 2258 654 2334 XI,
676 2261 694 2318 8
715 2279 743 2336 p.
765 2260 824 2318 460
844 2285 885 2309 =
906 2259 1015 2319 Suidas
1037 2276 1059 2317 s
1081 2278 1108 2317 u.
1141 2257 1300 2328 Κλαύδιος.
1332 2258 1407 2320 ἀλλ’

128 2365 175 2431 risi
198 2367 249 2430 nni
274 2368 304 2430 ἐν
329 2365 453 2448 uestitu
478 2367 588 2442 ἤσκητο
614 2363 689 2430 ὥστε
713 2364 765 2429 καὶ
789 2367 974 2446 συγγράψαι
999 2363 1077 2430 rrrrl.

171 2473 280 2534 Seneca
301 2475 442 2551 upocoloc.
466 2477 502 2548 5,
523 2477 551 2533 4.
594 2473 738 2533 Claudius
765 2473 877 2549 gaudet
904 2490 970 2532 esse
994 2473 1057 2532 illic
1077 2473 1244 2550 philologos
1265 2471 1408 2531 homines,

467 2582 500 2655 3,
524 2583 552 2639 2.
594 2598 681 2640 nemo
702 2580 782 2639 enim
802 2599 945 2657 umquam
965 2580 1052 2639 illum
1073 2584 1177 2639 natum
1197 2579 1323 2656 putauit.

217 2733 233 2763 „
364 2732 380 2764 „
438 2676 500 2762 ⁸II,
524 2689 552 2746 3.
596 2687 696 2747 videte
717 2704 824 2765 corpus
845 2686 911 2746 eius
932 2687 979 2746 dis
1000 2687 1084 2746 iratis
1105 2694 1218 2746 natum.

217 2626 233 2656 ll
364 2626 380 2655 11

128 2894 161 2943 IV
178 2893 223 2943 50:
242 2909 304 2945 clun
319 2896 401 2957 pueri
419 2901 511 2958 toparn
526 2895 741 2958 uirilemsump-
827 2894 975 2957 publicauit
999 2893 1014 2942 i.
1040 2908 1062 2942 e.
1093 2893 1120 2941 in
1153 2894 1288 2956 publicum
1321 2894 1409 2943 emisit

127 2978 226 3041 serint,
243 2978 280 3027 ad
296 2976 461 3041 Capitolium
473 2986 544 3029 eunt.
557 2980 590 3030 cf.
604 2979 659 3028 Val.
673 2980 741 3028 Max.
797 2984 827 3028 ut
845 2978 919 3028 Caes.
938 2976 977 3026 56.
997 2978 1029 3025 de
1047 2976 1164 3026 Gramm.
1182 2976 1222 3026 l'l.

128 3061 156 3124 5,
180 3062 208 3126 5,
233 3061 256 3112 l.
282 3061 470 3113 sacrificabant
493 3065 529 3114 ibi
548 3065 575 3113 in
593 3080 639 3113 ara
656 3064 742 3113 Liberi
827 3069 987 3127 portentum
1003 3062 1136 3125 bominis,
1155 3061 1219 3111 lien.
1238 3059 1411 3125 explicatione

129 3148 159 3197 cf.
178 3147 235 3199 Kal.
259 3148 364 3197 Farnes.
383 3149 415 3196 ad
433 3163 456 3198 a.
474 3149 498 3198 d.
517 3149 575 3198 XVl
594 3149 651 3198 llal.
667 3148 741 3212 Apu:
796 3150 828 3198 ci.
847 3149 930 3197 moles
948 3147 1024 3209 clipei
1042 3144 1116 3194 Ovid.
1134 3146 1196 3196 Met.
1214 3147 1275 3196 Xlll
1295 3147 1334 3195 75.

128 3229 288 3294 Liber(cliu)
320 3232 416 3282 Libero
446 3234 476 3282 in
504 3231 671 3297 Calpitoliol.
697 3233 741 3295 (cf.
829 3234 990 3282 absolutum.
1022 3232 1054 3280 cf.
1086 3232 1152 3281 Plin.
1183 3232 1212 3280 H.
1235 3232 1265 3280 N.
1284 3230 1330 3295 lo,
1347 3231 1408 3281 llo:

129 3315 317 3381 quoqueG.l.
337 3315 743 3380 L.111p.849=xl402:-
796 3317 842 3365 secl
872 3318 1015 3378 superiora
1047 3316 1141 3365 onznia
1168 3316 1301 3378 perfectos
1328 3318 1412 3366 edunt

130 3416 162 3451 en
186 3401 280 3453 tabula
303 3414 399 3464 mnes,
424 3416 493 3464 quae
511 3402 567 3465 ficu
585 3408 624 3451 est
640 3401 743 3450 Romae
794 3408 908 3465 partus,
927 3402 990 3450 baec
1007 3402 1151 3450 insubulos.

129 3486 158 3536 in
176 3484 309 3548 Capitolio
327 3485 357 3533 in
372 3485 456 3547 podio
473 3501 539 3535 arce
556 3487 645 3548 pestis
656 3486 744 3535 luliue
831 3487 995 3535 incohatum.
1013 3486 1052 3534 ita
1066 3487 1156 3549 scripsi
1169 3502 1230 3535 curn
1245 3487 1331 3549 ipsum
1344 3487 1411 3536 Sue-

130 3570 211 3619 lalere
223 3571 513 3632 dertrocntesipnum
522 3570 742 3633 Lib(eri)pctris.
797 3573 901 3621 tonium
920 3573 957 3622 sic
974 3572 1106 3634 scripsisse
1126 3575 1215 3633 pateat
1231 3587 1263 3621 ex
1286 3572 1411 3622 Diomede

129 3654 237 3704 Tertuli.
251 3654 284 3702 de
293 3653 395 3703 idolatr.
406 3653 445 3704 16.
466 3654 575 3718 Ap'pian.
586 3655 610 3704 b.
621 3671 642 3704 c.
652 3654 676 3716 l,
690 3653 742 3715 30).

130 3738 213 3802 Igitur
244 3753 332 3801 neque
364 3738 492 3789 Claudius
524 3741 557 3789 ab
589 3740 680 3788 amicis
712 3739 740 3787 in

129 3824 216 3872 lorum
247 3824 377 3873 deductus
410 3828 466 3887 est,
498 3839 585 3886 neque
618 3838 684 3872 cena
711 3823 743 3872 iis

130 3897 191 3957 data
208 3911 262 3970 cst,
280 3909 379 3956 nedum
393 3907 531 3977 Augustus
545 3909 577 3958 ob
590 3908 742 3957 tirocinium

130 3993 187 4042 eius
209 3993 375 4056 congiarium
398 3992 467 4055 plebi
485 3992 601 4055 dederit,
626 3993 697 4055 quod
715 3992 743 4040 in

131 4078 237 4131 familia„
253 4078 376 4140 principis
399 4076 456 4126 fieri
475 4077 589 4141 solebat,
605 4079 637 4126 cf.
657 4078 741 4141 Marq.

132 4161 159 4210 V.
178 4162 253 4211 Prin·
266 4160 288 4210 1²
306 4177 331 4225 p.
349 4161 438 4211 1161
456 4163 479 4212 5.

163 4247 272 4309 discipl.
289 4247 392 4296 liberal.
407 4272 441 4280 —
454 4248 659 4310 operumdedit.
678 4249 710 4297 cf.
722 4264 743 4297 c.

132 4329 176 4379 40:
193 4330 373 4392 pertinaciter
390 4332 546 4383 liberalibus
556 4335 656 4383 studiis
665 4335 744 4383 deeli-

134 4421 198 4464 tuni.
232 4415 252 4464 E
270 4414 414 4478 disciplinis
431 4417 585 4467 liberalibus
602 4418 744 4467 Suetonius

133 4504 260 4562 quattuor
282 4500 415 4550 nominat:
434 4502 642 4564 philosophiam
664 4501 744 4563 (Nero

133 4583 176 4648 51,
193 4584 226 4633 de
240 4583 357 4634 Gramm.
369 4584 409 4649 6);
426 4588 594 4636 rhetoricam
606 4585 687 4647 (Nero
699 4585 744 4647 52,

133 4669 248 4720 Gramm.
258 4669 285 4732 6)
294 4687 323 4713 =
331 4671 514 4734 eloquentium
524 4670 584 4730 (Gai
594 4669 637 4730 53)
644 4686 649 4732 ;
657 4670 745 4732 poeti·

132 4752 744 4817 cam(Nero52)=prammuticum(deGramm.

132 4837 161 4903 1,
179 4839 221 4903 o);
240 4839 486 4902 iurispruclenticnr
506 4837 602 4901 (Galba
619 4837 653 4898 5).

797 3657 977 3720 grammatico.
996 3657 1028 3705 ci.
1047 3656 1234 3704 Reifferscheid
1252 3656 1325 3706 Suet.
1344 3657 1409 3705 Rell.

798 3757 837 3804 pg.
848 3740 910 3790 354:
922 3741 1046 3790 inchoavi
1056 3741 1090 3788 ab
1100 3738 1206 3802 incboc]
1218 3742 1257 3790 sic
1266 3742 1412 3792 dicendum

795 3832 876 3888 putul
892 3825 979 3874 lulius
998 3825 1147 3888 Modestus,
1165 3827 1233 3888 quein
1250 3827 1287 3874 sil
1304 3841 1411 3889 conspo-

777 3912 882 3964 „situm
901 3925 918 3958 α
935 3910 1016 3972 chao,
1034 3911 1114 3958 initio
1132 3924 1234 3959 rerum.
1252 3909 1288 3958 At
1301 3909 1411 3959 Verrius

798 4002 823 4044 et
840 3984 953 4044 Flaccus
969 3997 1000 4044 in
1016 4001 1156 4057 postrema
1168 3995 1411 4057 spllubcuspiran-

798 4081 865 4128 dum
890 4080 1087 4141 probauerunt;
1115 4079 1212 4128 cubum
1239 4081 1314 4128 enim
1337 4080 1412 4141 apud

797 4164 1041 4212 celeresniundum
1050 4162 1203 4226 sipnificct,
1220 4164 1284 4213 inde
1295 4169 1412 4212 tractum

799 4249 934 4297 incohare.
956 4248 1132 4310 Tranquillus
1147 4262 1252 4310 qnoque
1263 4248 1304 4296 bis
1313 4248 1411 4297 adsen-

799 4335 869 4382 tiens
888 4334 918 4380 in
937 4332 1027 4380 libello
1045 4346 1093 4380 suo
1109 4332 1269 4394 plenissime
1286 4332 1320 4380 dc
1336 4346 1368 4380 ea
1384 4347 1413 4380 re

798 4417 927 4465 disseruit
952 4414 1001 4477 (ita
1029 4416 1143 4480 KeiliuS,
1166 4417 1239 4465 codd.
1259 4416 1335 4465 dant:
1355 4418 1413 4465 iani

799 4502 864 4550 bello
902 4515 949 4549 suo
983 4501 1141 4563 plenissime
1174 4501 1251 4549 edere
1285 4501 1413 4550 incohato

799 4582 947 4645 disseruit).
966 4584 1085 4634 Suetonii
1103 4586 1292 4648 etymologiam
1311 4589 1410 4634 certam

800 4683 856 4718 esso
874 4669 941 4717 mihi
957 4674 1071 4718 testatus
1088 4675 1128 4719 est
1146 4685 1168 4719 u.
1187 4671 1218 4719 cl.
1237 4668 1343 4732 Speyer.

832 4754 980 4802 auunculus
1004 4753 1099 4802 oculor.
1130 4753 1250 4802 nondum
1273 4753 1412 4815 scriptores

800 4838 881 4886 huius
898 4838 993 4887 aetatis
1010 4838 1048 4886 ita
1065 4838 1233 4901 distinguunt
1245 4838 1315 4886 inter
1326 4851 1411 4885 avun-

1297 4929 1313 4978 2
