3322 5512
102 562 188 639 que,
223 539 350 618 iustum
385 551 490 640 atque
514 542 709 643 legitimum
735 544 770 620 in
797 543 953 644 Saeptis3
989 540 1117 621 ibidem
1144 541 1381 623 exhaordina-
1473 538 1512 623 O.
1540 543 1598 622 21.

103 669 192 741 rium
218 677 253 742 et
277 671 386 743 breve
410 670 614 767 dierumque
642 694 850 768 paucorum,
876 672 1040 767 quodque
1066 674 1247 770 appellare
1273 673 1386 770 coepit

104 796 315 890 sportulam,
349 794 432 890 quia
465 796 612 891 primum
649 796 796 869 daturus
830 796 1006 889 edixerat,
1040 798 1138 871 velut
1163 798 1209 870 ad
1234 799 1385 871 subitam

105 920 367 1015 condictamque
393 922 553 993 cenulam
579 921 728 994 invitare
750 945 789 994 se
807 922 985 1018 populum.
1015 923 1087 996 Nec
1104 923 1178 995 ullo
1195 923 1385 1018 spectaculi

104 1068 232 1140 genere
257 1045 471 1120 communior
489 1056 550 1120 aut
567 1047 744 1120 remissior
761 1056 855 1141 erat,
881 1046 970 1121 adeo
988 1056 1027 1120 ut
1044 1048 1180 1121 oblatos
1197 1046 1385 1121 victoribus

136 1302 241 1349 irratam
263 1316 295 1350 ac
316 1303 477 1365 lepitintant.
503 1317 538 1351 se.
556 1317 618 1351 curn
636 1316 717 1351 vena-

104 1385 174 1433 tione
192 1389 220 1432 et
236 1391 373 1448 apparatu.
400 1387 511 1435 Venatio
530 1387 571 1435 his
589 1386 716 1449 tempori-

103 1468 152 1517 bus
186 1469 243 1518 fere
281 1484 386 1533 semper
424 1471 529 1520 muneri
563 1470 717 1533 gladiatorio

104 1552 228 1602 adiuncta
246 1559 311 1604 erat.

135 1637 248 1701 Saeptis.
275 1654 310 1689 sc.
337 1640 418 1689 luliis.
448 1641 574 1689 incohata
599 1645 676 1689 erant
702 1655 717 1688 a

103 1721 214 1772 Caesare
231 1723 358 1773 dictatore
376 1723 440 1784 (Cic.
458 1726 490 1774 ad
509 1725 561 1774 Aa.
580 1723 668 1788 1,111,
681 1723 716 1788 8),

103 1809 219 1871 perfecta
235 1809 344 1857 demum
361 1809 535 1872 dedicataque
553 1809 586 1858 ab
601 1809 717 1872 Agrippa

102 1909 124 1943 a.
157 1891 249 1956 resno
278 1892 337 1955 (Dio
363 1892 411 1956 53,
438 1892 484 1956 13,
507 1892 543 1952 1).
578 1894 718 1943 Exstructa

102 1987 166 2026 sunt
184 1983 214 2026 ut
239 1978 345 2027 comitia
367 1978 469 2027 tributa
490 1975 613 2039 (fortasse
635 1979 716 2028 etiam

102 2063 207 2111 comitia
230 2063 392 2126 centuriata,
424 2062 457 2112 cf.
484 2063 631 2113 Mommsen
655 2063 715 2112 Sta.

102 2147 137 2195 lll
166 2144 227 2208 380)
253 2147 281 2196 in
302 2147 334 2195 iis
362 2147 532 2196 haberentur.
560 2147 717 2197 aedificium

101 2232 210 2295 longum
244 2231 323 2294 pedes
354 2231 416 2295 MD,
450 2233 536 2281 latum
566 2233 645 2294 pedes
676 2230 717 2281 CO

102 2313 229 2377 (lluelsen
246 2317 321 2366 Rom.
342 2316 430 2365 Mitth.
452 2316 498 2365 Vll
513 2315 602 2378 (issa)
626 2333 649 2380 p.
667 2315 717 2366 319

102 2400 151 2464 sq.)
173 2402 255 2450 situm
282 2406 339 2450 erat
364 2401 391 2450 in
417 2415 508 2463 campo
532 2400 640 2465 Martio,
672 2402 717 2452 ubi

103 2486 178 2535 hodie
204 2501 310 2549 quoque
341 2487 452 2549 vestigia
476 2486 534 2534 eius
559 2491 716 2549 supersunt,

101 2572 172 2618 inter
201 2571 315 2620 Palazzo
331 2571 361 2619 di
391 2570 503 2620 Venetia
534 2575 561 2619 et
586 2573 717 2634 templum

102 2654 153 2702 divi
170 2654 290 2718 Traiani,
313 2656 345 2704 cf.
364 2655 456 2704 lordan
474 2655 569 2703 Forma
586 2655 663 2705 Urbis
681 2656 715 2704 Vl

102 2736 208 2787 31-36.
232 2738 347 2788 Huelsen
364 2740 381 2787 l.
399 2740 416 2787 l.
435 2738 528 2787 Aetate
546 2739 716 2801 imperatoria

102 2824 205 2886 saepius
236 2837 349 2872 munera
374 2824 531 2886 gladiatoria
556 2825 632 2873 aliive
659 2825 715 2873 ludi

102 2909 137 2958 ibi
159 2908 231 2957 edita
250 2913 329 2972 sunt,
353 2908 385 2958 ci.
403 2908 451 2957 Dio
468 2908 514 2972 55,
532 2908 573 2959 to.
592 2909 614 2959 7.
641 2909 714 2960 Suet.

103 2991 226 3060 Aug.d3.
244 2991 301 3042 Gai.
319 2991 359 3042 18.
378 2993 439 3042 Ner.
454 2993 495 3042 12.
513 2994 619 3057 111059,
637 2994 714 3044 1115.

134 3077 273 3139 appellare
284 3079 377 3140 coepit.
390 3079 600 3142 interpretantur
608 3083 714 3145 „appel-

102 3161 180 3209 lavit”
196 3161 237 3209 vel
249 3161 367 3224 „primus
381 3165 547 3226 appellavit''.
565 3165 615 3215 Sed
628 3167 714 3215 nescio

102 3259 135 3294 an
169 3245 249 3309 Lipsii
283 3247 435 3296 coniectura
468 3251 603 3311 appellari
629 3253 715 3313 coepit

102 3330 223 3391 sportula
246 3330 395 3393 recipienda
421 3332 468 3395 sit,
491 3347 560 3395 quae
578 3336 714 3384 meliorem

102 3429 210 3464 sensum
228 3415 359 3478 praebeat.

133 3502 292 3562 sportulam.
316 3505 435 3564 sportula
457 3504 507 3553 hac
523 3484 612 3554 aetate
629 3510 670 3553 est
686 3501 714 3554 1υ

102 3599 165 3634 cena
182 3587 277 3648 populo
295 3587 393 3636 viritim
411 3588 505 3652 divisa,
523 3589 562 3638 111
574 3594 605 3638 ut
617 3590 714 3653 cuique

102 3684 149 3718 sua
172 3669 200 3718 in
223 3672 342 3732 sportula
359 3672 438 3720 detur
455 3671 498 3734 (ei.
517 3673 590 3723 Suet.
608 3671 656 3722 Gai
673 3671 713 3721 18.

102 3754 174 3804 Dom.
197 3752 238 3816 1);
262 3751 291 3802 2⁰
313 3757 425 3818 pecunia
435 3757 588 3807 hominibus
598 3758 630 3807 de
639 3757 714 3820 plebe

102 3839 176 3902 data,
199 3854 254 3902 qua
271 3841 369 3890 autad
385 3855 480 3891 cenam
504 3847 552 3891 aut
570 3847 600 3890 ut
617 3842 714 3904 cuique

101 3924 194 3973 liberet
217 3928 371 3990 uterentur,
394 3927 428 3975 cf.
451 3926 534 3989 Marq.
559 3926 609 3975 Vit.
634 3922 713 3974 Ρι1ν.2

101 4023 123 4070 p.
136 4007 184 4057 Mil
198 4023 255 4073 sqq.
274 4009 328 4059 Hoc
340 4010 396 4059 loco
414 4011 445 4059 de
462 4024 528 4059 cena
543 4009 713 4072 cogitandum

101 4099 131 4142 ut
154 4094 234 4143 verba
252 4096 392 4158 sequentia
410 4096 512 4145 docent.

132 4180 292 4228 condictam.
316 4180 387 4228 haud
411 4180 457 4230 diu
481 4186 664 4244 praeparatam
683 4185 714 4229 'et

101 4278 153 4327 qua
178 4264 296 4313 contenti
322 4278 379 4313 esse
405 4265 550 4328 debebant,
568 4270 599 4314 ut
616 4265 648 4328 ii,
665 4265 713 4328 qui

100 4347 184 4397 amico
210 4347 371 4398 denuntiant
396 4365 424 4398 se
446 4365 508 4400 cum
526 4365 557 4399 eo
573 4355 714 4398 cenaturos

101 4446 165 4482 esse.

131 4518 310 4566 eonamaaior.
336 4517 368 4564 de
392 4515 495 4565 Claudii
519 4517 712 4566 communitate

99 4601 126 4649 in
144 4601 299 4650 universum
316 4601 350 4650 ei.
368 4601 415 4650 Dio
432 4600 475 4664 60,
492 4600 534 4665 ta,
551 4601 581 4650 d:
599 4597 626 4655 ἒς
637 4596 666 4649 δὲ
679 4595 713 4664 δὴ

99 4681 129 4734 τὰ
138 4682 204 4734 ἄλλα
221 4680 340 4740 κοινὸς
357 4681 403 4734 καὶ
416 4682 533 4750 ἐπιεικὴς
541 4681 608 4750 πρὸς
618 4681 714 4740 αὐτοὺς

98 4765 131 4833 ἦν
147 4796 182 4804 -
198 4765 245 4819 καὶ
268 4765 426 4834 ἑορτάζουσί
445 4785 520 4833 σφισι
543 4766 713 4833 συνεγίγνετο.

100 4854 136 4904 De
152 4855 277 4905 comitate
295 4855 352 4903 eius
370 4855 397 4903 in
415 4855 571 4904 muneribus
584 4856 714 4919 gladiato-

772 1301 844 1351 ribus
862 1301 894 1350 ci.
913 1299 1090 1364 111ο60,13,
1108 1300 1139 1349 5;
1156 1297 1195 1348 ὅτι
1213 1295 1243 1349 δὲ
1260 1296 1294 1364 δή
1312 1316 1386 1364 σφισι

771 1388 899 1439 κοινῶς
916 1401 943 1433 ιε
960 1381 988 1433 ἓν
999 1388 1031 1448 τῇ
1043 1380 1094 1447 θέᾳ
1107 1388 1189 1448 συνῆν
1202 1380 1248 1433 καὶ
1261 1387 1387 1447 παρεῖχεν

770 1465 819 1517 ὅσα
845 1464 986 1533 ἐβούλοντο
1003 1494 1035 1502 -
1052 1465 1158 1532 σφόδρα
1184 1465 1310 1532 ἐπῃνεῖτο.
1339 1467 1386 1532 60,

770 1551 818 1616 31,
845 1553 873 1603 7:
900 1549 947 1602 καὶ
970 1549 998 1602 ἒν
1021 1549 1089 1617 αὐτῇ
1108 1550 1150 1617 (τῇ
1166 1549 1310 1618 πανηγύρει
1329 1554 1345 1602 1.
1363 1569 1385 1603 e.

771 1654 882 1688 munere
901 1641 1070 1703 gladiatorio,
1087 1639 1120 1688 ei.
1138 1639 1197 1688 Tac.
1215 1638 1282 1687 Ann.
1296 1639 1344 1687 llll
1360 1637 1387 1700 3)

770 1719 815 1772 τὸν
832 1720 965 1773 Κλαύδιον
982 1720 1028 1772 καὶ
1044 1720 1151 1788 αἰτῆσαί
1161 1740 1217 1772 τινα
1228 1718 1290 1786 παρ’
1305 1718 1386 1771 αὐτοῦ

771 1805 908 1871 (Σιλανοῦ)
939 1805 1029 1872 ὥσπερ
1056 1803 1112 1857 τινὰ
1139 1804 1312 1872 σιασιάρχην,
1340 1804 1386 1857 καὶ

769 1888 898 1957 ἐκβοῆσαι
921 1887 1002 1940 πάνθ’
1028 1889 1076 1940 ὅσα
1100 1887 1161 1946 τοὺς
1179 1889 1274 1946 ἄλλους
1290 1889 1386 1957 ’βουλο-

769 1972 865 2039 μένους
882 1972 962 2040 ἑώρα.

803 2062 903 2111 oblatos
920 2063 1016 2111 victori
1034 2077 1137 2111 arareos.
1155 2061 1303 2111 Mommsen
1321 2062 1386 2124 Eph.

771 2146 856 2209 Epigr.
874 2146 920 2195 Vll
938 2162 961 2209 p.
979 2144 1030 2194 113
1046 2146 1201 2196 dubitanter
1213 2147 1285 2196 hunc
1296 2149 1385 2196 locum

771 2231 884 2280 contulit
902 2231 934 2279 ad
952 2245 997 2280 aes
1015 2232 1154 2281 Italicense
1173 2230 1249 2295 (Eph.
1268 2232 1312 2294 Ep.
1331 2232 1347 2280 l.
1370 2232 1386 2280 l.

770 2331 794 2378 p.
820 2313 870 2364 381
894 2331 933 2379 sq.
952 2332 982 2358 =
1001 2315 1028 2365 G.
1053 2317 1072 2365 l.
1096 2317 1123 2366 L.
1148 2317 1172 2365 ll
1194 2316 1283 2380 Suppl.
1309 2314 1387 2378 bars)

770 2401 816 2450 ubi
832 2401 931 2464 legitur
941 2401 957 2450 l.
971 2401 1018 2450 45:
1036 2401 1106 2452 Item
1118 2417 1210 2451 censeo
1223 2403 1256 2451 de
1268 2402 1387 2462 eaceptis

771 2488 811 2535 ita
834 2487 1035 2550 opseruundant
1057 2494 1088 2535 ut
1108 2488 1289 2549 praecipitant
1312 2500 1386 2535 nier-

771 2573 842 2621 eedis
859 2573 997 2634 pladiator
1008 2572 1058 2620 sibi
1071 2568 1219 2634 quisqam]
1229 2571 1387 2633 paciscatur

771 2656 828 2704 eius
860 2657 993 2718 peccuniae
1015 2681 1048 2688 -
1066 2661 1197 2717 quartani
1230 2656 1386 2717 portionem

770 2740 844 2803 liber,
861 2737 979 2802 ser[v]us
998 2746 1091 2789 autem
1108 2741 1236 2801 quintani
1253 2740 1386 2802 accipiat,

769 2839 783 2873 e
807 2839 860 2888 quo
883 2826 940 2874 loeo
965 2829 1052 2887 patet,
1077 2829 1108 2873 ut
1124 2825 1194 2873 idem
1213 2824 1229 2872 l.
1248 2824 1264 2872 l.
1284 2824 1386 2886 docuit,

770 2910 911 2960 victoribus
927 2915 1041 2958 exeunte
1050 2910 1155 2958 saeculo
1164 2908 1280 2958 seeundo
1290 2923 1314 2970 p.
1324 2906 1385 2956 Chr.

769 3000 868 3044 certam
901 3001 1004 3057 partem
1037 2994 1095 3043 eius
1128 2991 1257 3055 pecuniae
1293 2993 1384 3040 datam

768 3094 838 3142 esse,
862 3079 894 3128 de
918 3094 973 3141 qua
991 3078 1089 3127 lanista
1110 3092 1170 3126 curn
1193 3077 1312 3125 muneris
1329 3076 1385 3124 edi-

768 3169 824 3213 tore
848 3168 941 3227 paetus
972 3167 1048 3212 esset.
1076 3162 1172 3211 Dubito
1199 3167 1289 3210 tamen
1317 3176 1384 3209 num

768 3246 925 3296 Mommseni
938 3246 1084 3308 sententia,
1099 3250 1188 3294 nostro
1205 3260 1312 3308 quoque
1330 3246 1386 3294 loco

768 3332 799 3381 de
833 3331 881 3380 1111
915 3335 989 3393 parte
1022 3331 1149 3385 mercedis
1182 3331 1225 3393 agi
1252 3330 1384 3393 putantiS,

768 3417 953 3481 amplectanda
978 3415 1053 3465 nohis
1079 3415 1121 3464 sit.
1148 3415 1283 3464 lneerturn
1311 3416 1384 3463 enirn

767 3507 822 3565 est,
849 3507 941 3550 utrum
960 3501 1005 3549 illa
1029 3499 1183 3548 constitutio
1208 3500 1239 3547 de
1258 3500 1386 3548 mercedis

768 3591 841 3649 parte
864 3585 1053 3650 gladiatoribus
1070 3585 1158 3632 danda
1174 3590 1262 3633 aetate
1280 3583 1384 3632 Claudii

767 3671 820 3718 iam
849 3671 910 3719 data
943 3675 1013 3719 esset
1042 3684 1138 3731 necne,
1166 3683 1235 3732 quae
1258 3669 1339 3717 etiarn
1364 3668 1386 3716 si

768 3755 817 3803 hac
834 3759 921 3803 aetate
939 3759 1070 3817 exstaret,
1087 3755 1115 3803 in
1134 3755 1180 3803 illa
1198 3758 1304 3802 tantum
1324 3769 1384 3801 rnu-

767 3854 831 3888 nera
848 3838 1006 3901 quadraret,
1031 3852 1102 3901 quae
1120 3839 1239 3900 princeps
1258 3852 1310 3885 non
1328 3837 1385 3884 edi-

767 3925 855 3973 disset.
875 3923 1003 3981 Quotiens
1021 3923 1092 3972 eninr
1105 3923 1226 3985 princeps
1235 3922 1322 3970 editor
1330 3927 1385 3984 est,

768 4009 822 4059 suis
848 4009 1037 4072 gladiatoribus
1064 4008 1104 4056 uti
1129 4010 1210 4071 solet,
1235 4008 1274 4056 ita
1298 4012 1329 4055 ut
1352 4007 1384 4056 de

768 4095 888 4143 mercede
915 4094 947 4143 iis
965 4094 1027 4142 data
1044 4108 1131 4142 sermo
1149 4107 1205 4141 esse
1223 4107 1276 4140 non
1295 4092 1384 4154 possit.

768 4179 861 4242 ltaque
885 4181 954 4228 malo
973 4179 1088 4242 cogitare
1106 4178 1137 4226 de
1156 4177 1231 4226 donis
1249 4176 1282 4226 ab
1299 4177 1384 4225 edito-

768 4262 841 4312 ribus
858 4260 925 4324 (sive
943 4260 1070 4311 Claudius
1082 4262 1151 4323 ipse,
1169 4261 1223 4310 sive
1239 4261 1307 4309 alius
1321 4259 1385 4321 fuit)

767 4347 910 4396 victoribus
947 4345 1138 4410 gladiatoribus
1174 4345 1256 4408 datis,
1295 4345 1385 4408 qualia

767 4437 871 4481 constat
895 4433 958 4480 data
980 4446 1037 4480 esse
1062 4430 1233 4480 histrionibus
1250 4428 1320 4491 (lun.
1339 4429 1385 4478 Vll

767 4515 825 4566 243.
851 4516 912 4564 Vita
938 4515 972 4564 M.
999 4515 1126 4564 Antonini
1152 4512 1196 4576 11)
1224 4519 1251 4563 et
1278 4514 1385 4562 athletis

767 4602 846 4664 (Plin.
872 4601 917 4664 Ep.
944 4601 967 4648 X
993 4598 1068 4662 119),
1102 4599 1235 4662 postulata
1261 4598 1343 4646 etiarn
1369 4612 1385 4645 a

768 4688 863 4749 populo
882 4684 925 4748 (ci.
944 4687 1002 4735 Juv.
1021 4687 1037 4734 l.
1057 4686 1087 4733 1.;
1115 4685 1206 4746 accipe
1223 4683 1319 4732 uictori
1334 4697 1384 4745 po-

765 4772 848 4833 palus
867 4772 938 4833 qaod
954 4770 1092 4833 postulat:
1116 4767 1242 4831 aomina),
1265 4781 1384 4830 praeser-

768 4855 817 4918 tim
835 4870 896 4903 cum
914 4855 947 4902 de
965 4854 1154 4920 gladiatoribus
1166 4854 1294 4902 disertum
1307 4851 1385 4901 testi-

1252 4943 1285 4997 7¹}
