3322 5512
364 1173 403 1268 C.
452 1161 772 1269 SUDTONH
818 1160 1232 1273 inlusurum

528 1408 591 1470 DE
623 1408 742 1470 VITA
773 1408 1058 1472 CAESARUM.

700 1649 819 1709 LIBER
851 1650 887 1709 V.

476 1836 684 1906 otrus
740 1836 1114 1906 cosumus

201 2327 228 2397 Ι.
279 2324 419 2398 Patrem
453 2324 591 2398 Claudii
628 2324 793 2398 Caesaris
827 2326 1000 2415 Drusum,
1036 2325 1117 2398 olim
1143 2327 1325 2399 Decimum
1352 2351 1433 2401 mox

153 2450 327 2522 Neronem
352 2449 593 2545 praenomine,
627 2449 748 2541 Livia,
774 2473 852 2522 cum
878 2450 1042 2544 Augusto
1068 2449 1216 2545 gravida
1241 2453 1434 2548 nupsisset,

195 2629 252 2687 llio
270 2631 327 2703 48,
346 2631 401 2703 44,
421 2632 444 2687 1.
460 2632 488 2687 4.
512 2630 572 2692 Ἧν
597 2629 629 2692 δὲ
655 2630 690 2715 (ἡ
716 2629 841 2713 Aturia)
859 2667 902 2677 -
919 2630 994 2705 νννίι
1010 2629 1052 2701 ,δὲ
1069 2635 1119 2693 τοῦ
1136 2629 1287 2708 Νέρωνος,
1311 2629 1386 2709 μεθ’
1404 2628 1435 2695 οὗ

153 2733 370 2814 scitilaria,
406 2735 503 2816 cirum
540 2736 652 2816 εἴρηται
674 2756 679 2768 ·
702 2736 753 2799 uui
786 2735 863 2799 ἐκύει
894 2737 926 2811 ν’
959 2736 992 2816 ἐξ
1025 2738 1117 2799 αὐτοῦ
1149 2743 1231 2812 urive
1264 2733 1357 2801 ἕκτον.
1392 2777 1434 2786 -

156 2846 328 2904 συνοικοῦσαι
355 2842 381 2904 δ’
406 2842 459 2916 ἤδη
484 2844 500 2916 ἡ
525 2843 600 2918 γυνὴ
625 2843 665 2922 τῷ
690 2841 835 2921 Κοιίσοιρι,
861 2844 953 2905 τίκτει
978 2842 1127 2907 Κλοιόδιον
1152 2849 1280 2923 Δροῦσον
1302 2844 1433 2922 Νέρωνι.

200 2945 323 3005 Velleius
344 2948 377 3007 II
384 2993 390 3022 ,
413 2951 461 3022 95,
487 2952 507 3007 1.
542 2950 655 3022 Druso,
678 2967 767 3026 quem
781 2949 859 3007 intra
873 2954 996 3024 penates
1011 2947 1146 3007 Caesaris
1161 2950 1249 3008 enixa
1264 2956 1327 3008 erat
1341 2949 1434 3009 Livia.

197 3054 259 3112 Tur.
280 3057 361 3113 Auru.
390 3055 421 3129 V,
444 3059 466 3114 I.
502 3056 582 3114 Exin
604 3056 712 3115 Caesar
732 3055 873 3132 cupidine
894 3056 1005 3113 formae
1026 3057 1123 3114 aufert
1145 3056 1264 3130 marito,
1286 3056 1433 3116 incertum

152 3181 189 3218 an
221 3161 359 3232 invitam,
391 3162 464 3220 adeo
496 3180 656 3238 properus,
688 3169 722 3220 ut
753 3181 791 3221 ne
823 3162 918 3238 spatio
947 3161 1067 3238 quidem
1097 3163 1133 3220 ad
1163 3163 1337 3221 enitendum
1366 3164 1435 3222 (lato

152 3268 312 3342 penatibus
334 3268 397 3327 suis
418 3269 572 3344 grauidam
592 3269 755 3327 induxerit.

196 3373 275 3433 Suel.
297 3377 373 3450 Aup.
397 3377 446 3434 62.
488 3394 523 3435 ae
544 3376 644 3434 statim
666 3375 782 3434 Liviam
802 3375 965 3434 Drusillam
983 3375 1169 3434 matrimonio
1185 3375 1293 3435 Tiberii
1308 3376 1436 3436 Neronis

154 3487 185 3537 et
205 3480 325 3556 quidem
347 3488 559 3558 praegnantem
581 3482 714 3541 abduxit.

190 3721 320 3772 Caesaris.
347 3722 399 3772 Hoc
411 3739 557 3788 cognomen
571 3727 658 3788 gentis
669 3726 765 3788 Iuliae,

153 3807 222 3870 quorl
256 3808 393 3871 Augustus
423 3824 568 3874 omnesque
594 3810 685 3874 agnati
710 3811 767 3859 eius

154 3891 321 3954 babuerunt,
339 3890 465 3942 Claudius
484 3894 592 3943 demum
611 3896 767 3957 assumpsit,

154 3980 294 4039 postquam
313 3977 432 4040 princeps
450 3979 535 4027 lactus
553 3985 600 4029 est.

186 4061 329 4111 Decimum
347 4076 412 4111 mor
428 4062 571 4112 Neronem.
598 4063 634 4112 Ex
652 4063 767 4125 patriciis

154 4144 279 4205 gentibus
289 4147 336 4194 soli
346 4145 448 4196 Claudii
459 4162 618 4209 praenomen
629 4149 766 4197 Decimum

154 4234 307 4292 gesserunt,
334 4237 360 4279 et
387 4246 417 4279 ex
443 4230 559 4281 Claudiis
584 4233 695 4281 fortasse
719 4232 767 4280 soli

154 4312 257 4362 Claudii
288 4314 407 4364 Nerones
439 4314 483 4376 (cl.
516 4317 663 4365 Mommsen
693 4315 765 4364 Rom.

154 4397 258 4447 Forsclr.
269 4399 291 4461 l,
309 4397 363 4461 lb).
380 4400 492 4449 Plenum
509 4415 605 4449 nomen
618 4401 702 4449 Druso
717 4401 767 4448 fnit

155 4482 278 4531 Decimus
309 4482 436 4533 Claudius
467 4485 568 4534 Drusus
601 4485 683 4548 Nero,
716 4485 767 4533 cluo

154 4568 311 4630 cognomina
328 4570 399 4618 enim
418 4570 534 4617 Drusum
554 4569 686 4617 Neronem
706 4583 767 4617 eum

155 4650 279 4700 babuisse
305 4653 426 4702 norimus
444 4668 473 4701 ex
493 4653 583 4702 Dione.
597 4655 612 4702 l.
628 4655 642 4702 l.
661 4650 767 4713 „Klari-

155 4732 213 4782 διον
236 4733 356 4798 Δροῦσον
378 4733 508 4800 Νέρωνα”
530 4748 557 4787 et
574 4737 646 4787 Suet.
664 4738 720 4787 Tib.
738 4737 767 4786 ll:

156 4819 210 4866 Nee
240 4822 326 4869 ursello
356 4828 414 4883 posi
440 4823 512 4871 aliern
539 4823 619 4885 obiit,
656 4830 768 4886 retroque

821 3724 968 3774 liberorum
986 3726 1144 3786 superstite,
1171 3724 1276 3773 Tiberio
1294 3725 1436 3787 Drusoque

821 3808 982 3857 Neronibus.
1016 3808 1062 3856 His
1089 3808 1254 3870 'temporibus
1277 3813 1368 3857 tamen
1388 3825 1435 3871 pa·

821 3893 889 3941 tricii
916 3891 1098 3955 praenomina,
1130 3906 1199 3954 quae
1231 3892 1338 3955 plebeiis
1369 3907 1435 3955 quo-

821 3993 873 4040 que
900 3977 1024 4041 gentibus
1049 3977 1077 4024 in
1101 3991 1152 4025 usu
1171 3983 1261 4040 erant,
1289 3979 1435 4041 aspernati,

821 4061 1020 4125 cognominibus
1053 4062 1108 4110 suis
1141 4076 1186 4125 pro
1220 4064 1436 4125 praenominibus

822 4147 861 4195 uti
879 4150 1030 4209 coeperunt.
1049 4144 1091 4195 Sic
1108 4147 1210 4208 primus
1228 4148 1268 4195 vel
1281 4152 1352 4195 certe
1366 4148 1436 4196 inter

822 4231 919 4294 primos
940 4230 1031 4280 Sullae
1048 4230 1183 4280 dictatoris
1201 4230 1272 4279 filins
1289 4246 1434 4294 cognomen

823 4316 950 4365 Faustum
964 4320 995 4364 ut
1008 4329 1166 4378 praenomen
1180 4317 1274 4378 gessit3
1293 4317 1324 4365 cl.
1340 4317 1434 4365 Bullet.

822 4402 853 4449 de
877 4399 947 4449 Gorr.
972 4400 1038 4448 Heli.
1062 4397 1128 4449 1886
1152 4416 1175 4463 p.
1199 4399 1261 4449 stt:
1301 4397 1435 4464 Φαῦστο[ς

821 4480 984 4548 Κορνή]λιος
1003 4479 1091 4532 Σύλλα
1105 4479 1306 4547 Ἐπαφρόδιτος.
1326 4484 1377 4534 Cic.
1391 4500 1435 4547 pro

822 4569 925 4618 Cluent.
936 4568 976 4631 34,
989 4567 1029 4617 tu.
1048 4566 1120 4616 (laes.
1135 4567 1158 4616 b.
1168 4583 1189 4616 c.
1203 4569 1226 4627 I,
1240 4566 1262 4616 ss.
1281 4567 1323 4617 Sic
1335 4569 1436 4618 Drusus

822 4668 928 4717 quoque
944 4655 1071 4702 inlocum
1086 4653 1263 4715 praenominis
1273 4653 1373 4701 Decimi
1382 4654 1434 4702 iam

822 4740 984 4802 pervulgati,
999 4752 1165 4802 ,praenomen
1189 4736 1335 4797 Neronem,
1357 4742 1435 4786 antea

823 4837 967 4885 cognomen
983 4838 1076 4885 suum,
1095 4823 1249 4884 assumpsit3
1268 4838 1320 4886 quo
1334 4823 1434 4871 factum

1320 4915 1330 4963 l
