3322 5512
771 337 809 394 39

153 519 249 611 Gaii,
284 544 380 614 oum,
414 519 516 615 quasi
542 530 713 594 secretum
740 544 781 595 eo
807 522 1045 599 desiderante.
1070 522 1208 594 turbam
1234 545 1429 595 summove·
1521 522 1559 595 (ft.
1589 527 1643 597 10.

152 654 244 739 rent,
270 645 305 717 in
332 645 501 736 diaetam,
529 645 584 718 eui
609 668 734 719 nomen
752 656 806 719 est
822 649 1054 740 Hermaeum,
1083 656 1293 742 recesserat3
1319 671 1431 743 neque

151 771 258 844 milito
296 780 375 867 post
411 793 549 844 rumore
583 771 701 844 caedis
736 772 940 864 exterritus,
979 773 1151 868 prorepsit
1185 773 1231 846 ad
1264 772 1430 846 solarium

151 896 345 991 proximum
379 897 537 991 interque
570 905 752 993 praetenta
786 897 918 970 foribus
953 897 1034 970 vela
1058 920 1097 969 se
1123 897 1264 969 abdidit.
1302 899 1430 971 Laten-

150 1029 218 1093 tem
253 1020 454 1094 discurrens
487 1024 576 1094 forte
610 1022 796 1116 gregarius
830 1021 947 1113 miles,
983 1021 1240 1094 animadversis
1264 1021 1431 1118 pedibus,

192 1173 270 1233 Suet.
297 1175 362 1233 Gai.
387 1176 436 1232 58.
478 1174 529 1233 alii
551 1174 694 1251 (tradunt)
717 1174 874 1243 Sabinum,
897 1182 1045 1235 summota
1066 1194 1120 1252 per
1141 1175 1279 1235 oonsoios
1300 1175 1430 1235 centuri-

150 1299 221 1341 ones
241 1282 341 1355 turba,
363 1282 482 1357 signum
503 1300 584 1341 more
606 1282 730 1341 militiae
751 1282 884 1358 petiisse.

189 1388 303 1463 ιῙοεοριίι.
331 1390 400 1446 Ant.
429 1388 493 1447 lod.
522 1388 604 1446 XIX
628 1390 663 1462 3,
694 1392 722 1463 1,
754 1391 823 1448 212.
866 1389 1015 1459 Κλαύδιος
1039 1388 1138 1452 δέ-
1162 1395 1213 1453 τοῦ
1238 1387 1313 1452 οίκνυ
1339 1386 1428 1469 θορν-

151 1493 301 1572 βηθέντος
336 1492 434 1559 ποίθει
468 1502 522 1568 τῆς
557 1494 707 1573 Καίσαρος
741 1501 904 1568 τελευτῆς,
941 1497 970 1558 έν
1002 1495 1178 1575 οίμηχοίνοις
1209 1494 1246 1559 ὸν
1280 1495 1346 1576 περί
1377 1503 1430 1569 τῆς

151 1601 295 1682 σωτηρίοις
318 1599 347 1664 έν
372 1626 427 1666 τινι
452 1603 593 1682 στενωπῷ
618 1601 863 1679 κατειλημμένος
887 1601 901 1687 ξ
922 1626 1032 1682 ρυπτεν
1057 1600 1158 1666 αὑτὸν.

189 1708 304 1785 ιῙοεοριίι.
326 1709 363 1767 u.
385 1712 407 1784 β
430 1712 488 1767 214
510 1729 571 1786 sqq.
613 1707 683 1773 τότε
715 1709 747 1773 δὲ
780 1708 889 1779 πτοίας
921 1709 1146 1790 κατειληφυίας
1177 1709 1227 1773 τὸν
1260 1707 1354 1788 ὄχλον
1379 1709 1430 1772 καί

150 1822 201 1880 τοῦ
224 1814 381 1906 βασιλείου
406 1814 521 1886 παντὸς
546 1823 760 1896 στρατιωτικῆς
776 1814 889 1892 μανίας
905 1812 1052 1879 οὶνοίπλεω
1069 1815 1230 1892 γεγονίτος
1246 1816 1298 1879 καί
1317 1815 1431 1886 δειλίας

150 1922 201 1985 καί
234 1922 369 2004 οίταξίας
404 1923 521 1986 ίδιωτοὸν
558 1917 612 1987 οἷον
649 1921 866 2005 ἀπειληφότων
901 1923 1195 2005 σωματοφυλοίκων,
1236 1924 1260 1987 οἱ
1295 1923 1361 2003 περί
1397 1921 1430 1986 τὸ

149 2029 349 2109 στρατηγικὸν
373 2030 560 2106 καλούμενον
584 2032 681 2094 -έν
709 2030 805 2110 βουλῇ
831 2030 898 2110 περί
923 2037 983 2101 τοῖς
1008 2030 1169 2110 πρακτέοις
1193 2025 1288 2105 ἦσαν,
1312 2070 1357 2080 ·-
1380 2030 1431 2094 καί

150 2137 205 2198 τῶν
237 2138 397 2216 Γερμανῶν
429 2162 464 2202 τε
496 2138 525 2199 έν
557 2136 710 2217 τιμωρίαις
742 2141 798 2201 των
824 2136 972 2219 σφαγέων
998 2135 1096 2201 ὸντων.
1121 2139 1243 2220 -ὑφ’
1269 2132 1304 2199 τὸν
1330 2137 1431 2202 οὸποίν-

149 2266 204 2305 των
229 2243 242 2306 ὸ
265 2244 415 2313 Κλαύδιος
435 2241 611 2323 ἐθορυβεῖτο
628 2244 727 2316 δεδιὼς
744 2243 811 2324 περί
829 2250 882 2316 τῆς
900 2242 1060 2323 σωτηρίας,
1085 2242 1189 2315 ι’ίλλως
1205 2268 1239 2308 τε
1257 2244 1309 2308 καί
1326 2245 1430 2319 ε’πειὸη

149 2350 200 2414 καί
231 2350 288 2413 τῶν
320 2349 386 2430 περί
418 2350 467 2414 τὸν
500 2352 677 2430 Ἀσπρήναν
710 2348 858 2414 ἐτεθέατο
891 2350 947 2422 τιὸς
977 2350 1125 2431 κεφαλὸις
1150 2350 1430 2433 παραφερομένας·

151 2457 279 2530 εἱστήκει
310 2457 342 2520 δέ
365 2457 448 2521 κατοί
473 2481 501 2520 τι
529 2457 702 2537 προσβατὸν
727 2457 848 2533 ὀλίγαις
872 2456 1009 2535 βαθμῖσι
1033 2457 1139 2538 χωρίον
1164 2458 1366 2530 ὑπεσταλκὼς
1389 2459 1430 2537 τῷ

149 2564 218 2626 κατ’
242 2563 317 2627 αὐτὸ
341 2565 446 2644 σκίτω.

189 2671 249 2730 Dio
280 2675 335 2745 60,
365 2674 395 2745 1,
426 2675 506 2730 2:
529 2673 600 2731 Zoa.
623 2672 675 2729 XI
697 2674 717 2728 ‹8‘
737 2692 768 2747 ρι.
795 2674 877 2730 459:
915 2672 964 2736 τὸν
1000 2672 1149 2736 Κλαύδιον
1186 2674 1216 2735 ἐν
1252 2672 1346 2754 γωνίρι
1373 2695 1429 2736 που

149 2788 282 2859 σκοτεινῇ
306 2778 595 2858 κατακεκρυμμένον
612 2818 655 2826 -
672 2779 723 2842 καί
747 2778 814 2843 τότε
837 2780 891 2853 την
917 2780 1058 2860 ταραχὴν
1084 2777 1238 2860 φοβηθείς
1261 2778 1428 2861 ὑπέπτηξε.

195 2885 292 2944 Viator
316 2886 394 2945 Caes.
417 2887 468 2944 III
484 2888 529 2945 16.
572 2887 615 2945 Ti.
637 2886 796 2946 Claudium
818 2887 1017 2947 occultantem
1041 2922 1076 2930 -
1099 2887 1224 2946 deformi
1247 2887 1367 2946 latebra.

188 2991 312 3069 (Viator)
333 2993 470 3064 ldpa'fome
492 2994 509 3051 I
514 2994 542 3051 V
563 2996 591 3052 2.
614 2993 741 3052 deformi
762 2994 875 3052 latebra
896 2994 989 3053 latere
1010 2999 1154 3071 repertus.

150 3146 234 3196 Verba
258 3147 348 3195 Dionis
375 3145 436 3210 (60,
460 3145 489 3210 i,
514 3146 529 3195 ‘2
554 3150 636 3210 συνῆν
662 3163 688 3194 τε
714 3141 763 3210 γὰρ

150 3234 186 3292 τῷ
204 3225 278 3293 Γαΐῳ
294 3246 346 3280 non
366 3232 404 3280 ita
423 3232 575 3294 accipienda
593 3246 664 3293 esse,
688 3231 764 3294 qnasi

150 3313 276 3364 Claudius
315 3316 387 3366 caedi
422 3315 480 3364 Gaii
515 3316 649 3379 affuisset,
688 3316 763 3364 docet

150 3400 261 3448 Zonaras
295 3400 341 3461 (xl
373 3400 389 3445 8
416 3416 439 3463 p.
472 3398 533 3462 459)
565 3401 677 3450 addens:
716 3405 761 3450 τοῦ

149 3480 262 3547 θεάτρου
279 3480 454 3548 ἔξερχομένῳ.

182 3573 260 3634 preest
286 3577 425 3620 secretum.
459 3571 529 3620 idem
561 3571 693 3633 iosephus
726 3573 761 3620 l.l.

150 3657 190 3706 his
216 3657 306 3721 ¹verbis
337 3658 451 3706 indicat:
489 3653 559 3720 λόγῳ
591 3651 640 3718 μὲν
664 3651 707 3704 διὰ
734 3652 762 3703 τὸ

149 3737 327 3804 δυσχεραίνειν
345 3736 388 3788 τὸν
406 3736 497 3789 Γάιον.

181 3831 221 3875 eet
242 3825 418 3874 Hermaeum.
446 3826 526 3874 huius
550 3826 667 3884 diaetae,
693 3824 762 3888 (oui,

150 3916 180 3959 ut
205 3926 236 3961 ex
266 3926 327 3960 voce
357 3918 397 3961 est
418 3912 611 3975 colligendum,
642 3911 762 3961 Suetonii

149 4000 235 4044 aetate
267 3997 354 4046 adhuc
385 4010 481 4045 nomen
512 3995 672 4044 Hermaeum
700 3994 762 4055 fuit)

149 4080 258 4130 fortasse
277 4082 376 4129 mentio
390 4080 419 4129 fit
428 4081 455 4129 in
465 4081 544 4130 titulo
556 4080 656 4129 urbano
667 4080 694 4130 Ο.
705 4081 723 4128 1.
734 4081 762 4129 L.

149 4164 183 4212 Vl
208 4163 287 4214 8663:
319 4165 473 4226 Symphoro
500 4166 642 4214 temerario
665 4163 762 4227 aor(oo)

150 4248 272 4300 Caesarie
289 4251 323 4300 de
339 4250 418 4298 domo
437 4251 593 4314 Gelotiana,
612 4250 679 4312 fecit
695 4251 761 4299 Phi-

149 4335 299 4396 lodeapotus
330 4350 380 4384 ser.
413 4333 536 4384 Caesaris
569 4351 603 4384 οοο
629 4335 763 4384 Ηενιιιοιοο

149 4418 329 4480 mmmm

180 4506 321 4554 solarium.
356 4506 452 4554 solaria
481 4521 559 4568 snper
584 4511 685 4554 tentum
711 4522 763 4555 non

148 4591 304 4655 fastigatum
325 4605 382 4640 esse
399 4592 533 4655 solebant,
557 4597 605 4640 aut
623 4591 672 4640 snb
690 4593 762 4640 eaelo

149 4681 196 4725 aut
213 4681 284 4726 tecta
301 4674 344 4737 (ef.
355 4675 382 4726 G.
394 4677 411 4725 1.
422 4677 449 4725 L.
459 4677 492 4725 Vi
502 4676 585 4726 10234
597 4694 618 4726 r.
628 4676 663 4737 3).
689 4677 762 4725 [dem

148 4761 276 4824 Josephus
300 4762 452 4811 infodient
472 4763 512 4811 his
530 4762 629 4810 verbis:
653 4756 721 4809 κατά
740 4777 762 4809 τι

148 4841 300 4911 προσβατὸν
317 4842 414 4912 ὀλίγαις
430 4843 543 4914 βαθμῖσι
561 4843 670 4912 χωρίον.

856 3147 919 3197 Vero
936 3150 1042 3212 singula
1051 3150 1184 3198 conclavia
1195 3150 1288 3198 domus
1298 3149 1432 3198 Romanae

819 3233 883 3280 reiis
914 3232 1026 3281 discreta
1057 3238 1146 3296 erant,
1176 3247 1379 3295 nonnumquam
1406 3237 1432 3282 et

818 3317 918 3366 foribus
944 3323 971 3366 et
997 3318 1074 3380 velis,
1101 3319 1133 3366 cf.
1156 3317 1215 3366 Tac.
1238 3318 1306 3366 Arm.
1324 3316 1384 3365 Xiii
1403 3317 1431 3366 5:

819 3408 848 3448 ut
864 3408 979 3465 astaret,
998 3403 1101 3450 additio
1118 3418 1134 3450 οι
1151 3408 1225 3464 ιενρο
1237 3401 1358 3464 foribus,
1375 3403 1432 3451 velo

817 3487 941 3535 discreta.
960 3486 1024 3534 Vela
1041 3486 1129 3535 addita
1146 3490 1236 3548 erant,
1261 3490 1304 3548 nt,
1323 3487 1344 3534 si
1364 3487 1432 3536 fores

817 3576 923 3633 apertae
958 3577 1059 3634 essent,
1091 3572 1215 3621 introitus
1241 3577 1331 3619 tamen
1357 3573 1431 3620 clau-

818 3656 933 3704 deretur.

850 3743 995 3803 ριόραιόαιε
1016 3742 1095 3790 aniles
1119 3741 1134 3788 i.
1159 3755 1180 3789 e.
1208 3741 1284 3788 miles
1308 3741 1433 3802 oppositis

817 3825 1017 3874 centurionibus
1041 3829 1068 3873 et
1091 3825 1211 3874 tribunis⁸
1242 3823 1345 3872 Nomen
1370 3825 1432 3873 huie

818 3910 896 3958 militi
923 3911 1088 3973 praetoriano
1114 3911 1261 3959 seeundum
1288 3910 1431 3971 Josepirum

817 3991 864 4053 (1.1,
889 3992 901 4054 5
924 3992 985 4055 2‘17)
1003 3995 1055 4042 fuit
1073 3993 1183 4057 Gratus,
1206 3995 1292 4057 patria
1309 4009 1384 4056 vero,
1411 3995 1432 4043 si

818 4084 888 4128 recte
932 4080 1021 4129 Victor
1060 4080 1170 4128 tradidit
1210 4080 1311 4142 Epirus.
1346 4077 1431 4139 (Ham

818 4169 908 4212 tamen
940 4165 988 4213 Dio
1015 4164 1059 4227 74,
1092 4165 1107 4213 2
1137 4179 1189 4213 non
1216 4165 1336 4213 nominat
1363 4165 1433 4212 inter

818 4249 977 4312 provincias,
1001 4264 1015 4297 e
1039 4249 1136 4312 quibus
1160 4249 1241 4297 etiam
1265 4254 1327 4296 ante
1345 4248 1432 4311 Septi-

818 4334 903 4381 mium
938 4332 1065 4381 Severum
1099 4332 1258 4395 praetoriani
1292 4333 1433 4394 conscripti

818 4415 891 4479 sint).

852 4500 886 4564 [p.
894 4500 936 4562 40]
948 4502 1084 4563 οοὸριοουίι.
1103 4501 1251 4564 Madvigius
1260 4500 1324 4550 Adv.
1335 4500 1397 4549 Grit.
1409 4501 1432 4548 li

818 4607 840 4653 p.
872 4589 920 4638 577
950 4590 998 4637 hoe
1023 4589 1180 4637 vocabulum
1205 4603 1251 4651 pro
1275 4585 1432 4648 interpolato

818 4676 911 4724 habuit
934 4675 1036 4723 dicens·
1063 4674 1158 4736 „Recte
1182 4673 1271 4722 omnia
1293 4676 1373 4720 erunt
1396 4670 1433 4718 sio

817 4760 926 4821 scripta:
946 4760 1074 4808 latentem
1092 4784 1125 4791 —
1142 4773 1216 4820 ριόρ.
1234 4758 1357 4806 miles-
1370 4758 1432 4804 orai-

816 4846 906 4894 νιιιιιίυ.
939 4845 1066 4907 pedibus,
1107 4844 1199 4892 aredio
1234 4844 1307 4891 εοιῗεο.
1342 4843 1431 4904 quiem
