3322 5512
910 313 967 374 134

152 514 161 538 ³
200 558 207 573 .
300 499 450 594 damque
476 497 600 572 ceteris
625 497 762 570 veniam
788 497 909 570 talium
933 497 1188 593 coniugiorum,
1215 522 1307 593 quae
1324 498 1369 571 ad
1387 498 1424 571 id
1441 508 1580 596 tempus

298 625 430 698 incesta
455 623 679 697 habebantur.
706 621 759 695 Ac
785 622 844 694 vix
870 644 939 695 uno
965 622 1167 718 interposito
1185 622 1241 697 die
1260 623 1406 697 confecit
1423 623 1579 720 nuptias3

298 772 366 822 non
392 749 539 846 repertis
564 748 623 844 qui
649 755 877 843 sequerentur
902 747 1121 843 exemplum,
1147 756 1292 843 excepto
1317 747 1478 822 libertino
1496 771 1580 844 quo-

299 873 398 963 dam,
433 882 467 948 et
500 874 609 946 altero
643 872 865 968 primipilari,
900 870 1000 944 cuius
1034 872 1234 967 nuptiarum
1269 872 1417 945 officium
1444 872 1581 970 etipse

299 1023 378 1072 oum
403 997 599 1095 Agrippina
624 996 821 1071 celebravit.

338 1151 469 1226 (Seuero)
496 1149 615 1209 Octauio
636 1151 698 1207 141.
740 1148 938 1226 Genitamque
966 1149 1067 1208 fratris
1095 1149 1252 1225 coniugem
1280 1157 1386 1227 captus
1414 1150 1471 1210 sibi
1494 1150 1580 1210 Toris

296 1257 434 1318 nefandis
454 1257 547 1316 flebili
568 1256 668 1315 iunxit
687 1257 761 1316 face.

344 1363 440 1423 Victor
464 1363 544 1423 Gucs.
564 1362 615 1421 IV
630 1365 677 1421 12.
720 1381 814 1440 eoque
842 1363 969 1422 herilem
1001 1363 1160 1423 stultitiam
1187 1366 1347 1442 perpulere
1375 1365 1514 1442 (liberti),
1536 1366 1581 1425 uti

298 1490 391 1532 senex
411 1471 512 1530 fratris
532 1470 626 1529 filiam
646 1470 678 1529 in
698 1470 819 1546 nuptias
840 1470 1073 1548 concupisceret.

339 1579 461 1655 (Victor)
491 1577 571 1654 llpr't.
597 1577 615 1635 l
620 1577 648 1635 V
670 1579 715 1635 10.
756 1577 815 1637 Hic
845 1577 1042 1655 Agrippinam
1074 1576 1244 1637 Germanici
1274 1579 1376 1637 fratris
1406 1578 1453 1637 sui
1486 1577 1581 1636 filiam

298 1704 422 1746 uxorem
444 1683 541 1743 duxit.

298 1859 317 1908 l.
342 1858 368 1907 L.
392 1857 426 1905 Vl
448 1856 522 1907 4039.
545 1856 619 1907 4044.
644 1857 700 1906 Kal.
720 1858 779 1906 Ant.
798 1856 825 1906 0.
845 1859 862 1906 l.
882 1857 908 1906 L.

298 1942 321 1992 1²
344 1942 373 2006 4,
398 1958 419 2005 p.
443 1941 504 2004 448)
527 1943 604 2005 atini,
629 1948 660 1991 ut
677 1943 795 2004 videtur,
818 1939 933 2009 7694461

298 2027 367 2090 (Tac.
386 2027 454 2076 Ann.
473 2026 549 2090 444,
571 2028 595 2076 ll
613 2027 652 2076 54.
671 2027 744 2078 Suet.
763 2026 812 2076 Gai
830 2027 859 2091 7,
877 2029 910 2077 cf.

298 2113 459 2175 Mommsen,
496 2113 604 2162 Hermes
638 2112 673 2161 lll
708 2127 730 2174 p.
758 2111 807 2161 454
832 2112 910 2176 sqq).

297 2198 383 2247 Antea
409 2197 511 2246 duobus
537 2197 599 2246 viris
624 2201 764 2259 nupserat,
795 2196 910 2258 primurn

299 2281 346 2331 Gn.
368 2282 482 2331 Domitio
508 2280 681 2330 Ahenobarbo
705 2296 755 2330 cos.
779 2295 800 2330 a.
820 2277 911 2343 785434

298 2366 332 2429 (a.
356 2364 462 2429 784448,
495 2366 527 2415 cf.
554 2365 612 2414 Tac.
639 2365 707 2415 Ann.
735 2365 767 2413 lV
793 2362 850 2428 75),
869 2366 910 2415 cui

300 2451 399 2514 filium,
426 2451 453 2499 L.
485 2451 630 2499 Domitium
662 2455 752 2512 postea
779 2450 911 2499 Neronem

298 2537 475 2599 appellatum,
498 2535 612 2599 peperit,
630 2535 724 2583 deinde
742 2535 769 2584 L.
788 2535 911 2584 Passieno

299 2621 388 2685 Crispo
421 2619 484 2682 (cos,
509 2621 608 2669 iterum
633 2635 655 2669 a.
688 2618 804 2683 797444),
830 2635 911 2684 quem

300 2707 447 2756 secundum
456 2706 537 2755 schol.
547 2705 646 2755 Juv.1v
656 2703 686 2754 84
698 2706 791 2754 fraude
801 2707 911 2755 necavit.

335 2789 369 2854 [p.
403 2788 458 2852 ¹33]
484 2791 527 2838 ius
550 2790 641 2838 occuli.
665 2789 697 2838 cf.
724 2789 813 2853 Polyb.
841 2790 911 2852 apud

299 2876 468 2925 Athenaeum
486 2874 509 2923 x
528 2890 550 2937 p.
565 2872 614 2923 440
632 2874 662 2923 f.:
680 2869 747 2942 πρὸς
764 2868 794 2922 δὲ
811 2869 912 2927 τούτοις

301 2955 358 3024 (τὴν
382 2957 505 3023 γυναῖκα4
529 2954 614 3022 φιλεῖν
637 2953 680 3005 θεῖ
698 2951 759 3010 τοὺς
782 2961 912 3020 συγγενεῖς

300 3039 361 3098 τοὺς
384 3040 478 3108 ἑαυτῆς
500 3039 547 3091 καὶ
572 3037 632 3096 τοὺς
661 3045 707 3090 τοῦ
739 3037 835 3105 ἀνδρὸς
860 3039 912 3096 ἕως

300 3125 450 3193 ἑξανεφίων
475 3125 503 3190 (i.
532 3143 554 3177 e.
581 3128 691 3177 inclusis
716 3127 842 3190 sobrinis,
866 3129 912 3191 qui

301 3218 374 3263 sexto
391 3213 474 3276 gradu
493 3211 576 3273 sunt).
594 3213 663 3261 Plut.
682 3211 788 3270 Quaest.
799 3211 911 3261 Romo:

300 3295 317 3364 ἢ
329 3294 367 3363 μὴ
377 3293 564 3361 νενομισμένου
573 3293 724 3360 συγγενίδας
733 3300 825 3360 γαμεῖν
830 3333 840 3355 ,,
851 3293 913 3359 ἄχρι

301 3379 448 3448 φιλήματος
465 3378 481 3447 ἦ
500 3377 685 3446 φιλοφροσύνη
700 3377 850 3445 προῆλθεν,
867 3377 913 3430 καὶ

302 3473 377 3518 τοῦτο
410 3465 493 3531 μόνον
523 3463 672 3530 ἀπελείφθη
705 3462 838 3530 σύμβολον
867 3462 913 3514 καὶ

301 3550 457 3617 κοινώνημα
480 3556 525 3616 τῆς
548 3547 704 3615 συγγενείας.
729 3551 822 3599 Festus
846 3566 865 3599 s.
890 3566 913 3599 v,

303 3638 436 3688 Osculana
449 3652 472 3699 p.
482 3635 531 3685 497
546 3635 579 3685 Μ.
593 3633 642 3697 (De
655 3650 735 3684 causa
744 3635 824 3684 huius
834 3635 915 3684 moris

302 3723 366 3772 satis
383 3723 464 3784 mira,
480 3736 561 3785 quam
575 3721 687 3783 protulit
695 3718 758 3769 Cato
768 3720 837 3783 apud
847 3719 913 3768 Plin.

303 3807 333 3855 H.
357 3806 389 3855 N.
410 3804 456 3869 44,
479 3804 513 3855 90
529 3802 574 3865 (cf.
593 3803 658 3854 Gell.
677 3804 700 3853 X
718 3802 759 3866 43,
777 3802 800 3852 l.
819 3804 913 3852 Athen.

303 3895 318 3941 l.
338 3888 367 3951 4.)
384 3891 417 3939 cf.
436 3890 511 3953 Sittl,
530 3887 668 3938 Geb'eirden
687 3903 710 3951 p.
728 3886 780 3948 38).

338 3973 372 4038 [p.
402 3972 462 4036 433]
498 3975 655 4023 subornavit
688 3974 737 4035 qui
771 3976 915 4022 censerent.

303 4062 399 4109 horum
427 4059 571 4123 principem
604 4057 631 4106 L.
665 4057 802 4106 Vitellium
836 4057 916 4105 fuisse

303 4145 412 4194 tradunt
437 4145 496 4193 Tac.
522 4142 601 4205 (Arm.
629 4142 677 4192 Xll
703 4141 719 4188 5
742 4140 793 4205 sq.)
818 4146 845 4190 et
869 4142 915 4190 Dio

303 4229 372 4291 apud
396 4228 457 4277 Zon.
474 4228 510 4276 Xl
529 4244 553 4290 p.
571 4225 628 4277 488.

337 4314 435 4362 talium
444 4314 640 4376 couiaqiorurn,
650 4313 858 4375 ptrue-incesto
868 4313 916 4360 ha-

303 4399 440 4448 bebuntur.
453 4398 644 4462 antiquissimis
652 4398 815 4460 temporibus
825 4398 916 4446 matri-

303 4484 393 4532 monia
415 4483 486 4533 inter
508 4488 632 4547 cognatos
654 4497 740 4545 usque
757 4482 790 4530 ad
811 4486 916 4530 sextum

302 4568 415 4632 gradum
438 4569 558 4618 contrahi
576 4582 628 4616 non
647 4571 782 4630 poterant,
808 4567 840 4615 cf.
858 4567 916 4615 Tac.

303 4652 371 4702 Ann.
381 4653 428 4701 ΧΠ
438 4651 467 4702 6:
485 4659 511 4701 et
526 4653 699 4701 sobrinarum
714 4647 917 4712 (matrimonio)

303 4737 353 4786 diu
360 4738 487 4800 ιἠηονοιο
497 4743 616 4798 tenapore
628 4735 916 4798 additopercrehuissc.

305 4820 379 4882 Quod
398 4827 489 4870 tamen
506 4821 560 4870 iam
579 4825 641 4871 ante
660 4835 682 4870 a.
700 4816 810 4884 5354449
828 4823 917 4870 muta-

964 1863 1022 1907 tum
1053 1874 1109 1907 esse
1136 1860 1211 1908 docet
1236 1860 1418 1922 fragmentum
1445 1857 1505 1906 libri
1533 1857 1581 1906 llll

964 1941 1030 1991 Livii
1061 1942 1182 2003 (Hermes
1212 1943 1245 1991 lV
1272 1959 1295 2006 p.
1323 1940 1398 2002 374);
1432 1941 1463 1990 P.
1492 1941 1581 1991 Cetius

964 2028 1581 2089 ραινῖοῖιιερνίυιιιεαιίυενειιευεῑενευιυιονευι

965 2114 1041 2160 intra
1073 2114 1220 2174 septimum
1253 2113 1424 2175 cognationis
1458 2112 1579 2174 pradum

964 2197 1044 2246 drmit
1066 2211 1180 2246 ιιυονευι
1203 2195 1231 2258 (i.
1250 2211 1271 2245 e.
1297 2193 1449 2258 sobrinam).
1477 2195 1527 2244 Sed
1548 2210 1581 2243 ne

966 2283 1014 2330 hoc
1045 2281 1153 2344 quidem
1185 2282 1227 2330 diu
1257 2281 1367 2341 mansit,
1401 2295 1463 2329 narn
1491 2281 1580 2329 Livius

965 2366 1033 2415 Xlll
1058 2364 1104 2430 34,
1128 2365 1157 2414 3:
1184 2380 1246 2415 cum
1266 2367 1392 2428 primum
1416 2367 1446 2413 ιἰι
1462 2371 1581 2414 aetutem

967 2452 1039 2513 uerti,
1068 2457 1146 2512 pater
1171 2451 1242 2499 υιῖίιι·
1269 2464 1385 2498 αοεονευι
1411 2449 1512 2511 fratris
1539 2452 1582 2498 sui

966 2535 1055 2598 fitium
1086 2528 1161 2584 dedit
1190 2535 1266 2584 docet
1290 2535 1368 2597 paulo
1395 2542 1453 2597 post
1478 2535 1581 2584 bellum

967 2620 1097 2669 Punicum
1131 2620 1278 2668 secundnm
1312 2620 1481 2668 matrimonia
1511 2620 1583 2669 inter

965 2710 1091 2768 cognatos
1115 2710 1211 2767 quarto
1234 2705 1317 2767 gradu
1342 2701 1523 2765 (consobrinos
1540 2719 1583 2753 ar-

965 2791 1032 2839 tiore
1055 2788 1147 2851 sensu)
1171 2789 1299 2852 permissa
1322 2789 1416 2851 fuisse,
1443 2789 1521 2838 cuius
1546 2791 1583 2838 rei

966 2874 1089 2922 meminit
1114 2888 1221 2937 quoque
1245 2874 1314 2922 Plut.
1334 2873 1440 2932 Quaest.
1459 2873 1534 2924 Rom.
1553 2872 1582 2923 6:

966 2955 981 3005 ὁ
997 2955 1082 3021 δῆμος
1099 2953 1287 3021 ψηφισάμενος
1296 2961 1375 3007 πᾶσιν
1384 2954 1480 3016 ἐξεῖναι
1490 2963 1584 3022 γαμεῖν

966 3039 1042 3106 ἄχρις
1051 3038 1179 3106 ἀνεφίων,
1188 3037 1219 3091 τὰ
1228 3037 1257 3091 δὲ
1263 3038 1389 3106 ἀνωτέρω
1396 3040 1582 3093 κεκωλῦσθαι.

967 3126 1005 3176 of.
1025 3127 1158 3190 Karlowa,
1176 3126 1250 3177 nom.
1262 3127 1447 3192 Rechtsgesch.
1458 3129 1481 3177 ll
1491 3144 1514 3191 p.
1526 3128 1584 3177 475.

984 3213 1040 3260 lam
1047 3216 1156 3261 senatus
1162 3215 1283 3262 consulto
1293 3227 1316 3261 a.
1323 3209 1415 3274 894449
1424 3214 1582 3275 permissum

968 3302 1021 3360 est,
1036 3302 1066 3346 ut
1075 3298 1155 3346 etiam
1165 3312 1274 3346 uxorem
1286 3298 1380 3346 ducere
1390 3296 1496 3360 liceret,
1515 3311 1585 3360 quae

968 3382 1046 3431 tertio
1069 3382 1152 3444 gradu
1176 3386 1288 3444 cognata
1305 3386 1387 3444 esset,
1411 3382 1456 3430 sed
1474 3385 1582 3430 tantum

968 3466 1057 3515 fratris
1084 3465 1180 3529 filiam,
1206 3466 1237 3515 cf.
1264 3464 1346 3515 Gaius
1372 3465 1446 3515 162:
1474 3466 1583 3515 Fratris

970 3552 1058 3613 filiunt
1082 3566 1196 3599 umorem
1214 3552 1310 3599 ducere
1327 3550 1402 3610 licet,·
1426 3551 1508 3613 idque
1522 3552 1585 3613 pri-

968 3651 1046 3685 υιυυι
1060 3637 1090 3684 irc
1098 3650 1179 3684 aarum
1188 3637 1273 3699 venit,
1288 3651 1350 3685 οιιυι
1364 3637 1441 3684 divus
1453 3635 1585 3685 Claudius

968 3720 1154 3783 Aprippiaam
1180 3721 1279 3782 fratris
1303 3721 1346 3770 sui
1365 3721 1453 3783 filiam
1470 3735 1586 3770 ιιοεοιυυι

969 3806 1098 3855 dormisset.
1125 3805 1227 3867 Ulpian.
1256 3805 1277 3853 V
1300 3805 1330 3868 5,
1354 3804 1377 3854 6.
1403 3806 1456 3854 Hoc
1473 3810 1585 3878 senatus

969 3892 1122 3939 consultum
1148 3890 1276 3939 abolitum
1300 3891 1409 3939 demum
1435 3895 1475 3939 est
1493 3905 1515 3938 a.
1534 3889 1585 3938 344

971 3990 993 4036 p.
1018 3973 1077 4023 Chr.
1101 3990 1126 4023 n.
1151 3988 1167 4023 a
1190 3972 1363 4022 Constantino
1382 3978 1409 4022 et
1426 3973 1586 4036 Constante,

970 4060 1002 4109 cf.
1023 4058 1083 4108 Cod.
1101 4059 1197 4107 Theod.
1217 4059 1252 4106 lll
1270 4057 1316 4121 44,
1334 4057 1357 4106 l.
1377 4058 1477 4107 Sororis
1493 4064 1585 4108 autem

971 4143 1053 4192 filiam
1071 4144 1166 4193 ducere
1188 4157 1336 4205 numquam
1352 4143 1441 4205 licuit,
1459 4143 1491 4191 cf.
1503 4141 1586 4192 Gaius

972 4230 987 4276 l.
1005 4230 1022 4277 l.
1042 4227 1143 4291 Ulpian.
1162 4227 1178 4274 l.
1192 4228 1223 4288 l.,
1241 4241 1289 4276 nec
1306 4231 1396 4276 tamen
1414 4241 1518 4289 semper
1537 4228 1585 4276 hoc

970 4313 1139 4363 observatum
1149 4318 1203 4377 est,
1216 4313 1349 4377 siqnidem
1359 4312 1446 4361 Nerva
1459 4312 1547 4360 denuo
1560 4313 1585 4360 hl

970 4398 1056 4446 vetuit
1072 4396 1131 4459 (Dio
1155 4395 1196 4459 68,
1213 4397 1237 4460 4,
1255 4397 1279 4460 4,
1297 4396 1329 4447 cf.
1347 4411 1452 4460 quoque
1470 4396 1526 4460 hig.
1538 4395 1585 4458 43,

970 4480 1000 4543 4,
1018 4479 1085 4543 574).

1003 4565 1184 4628 primipilari.
1209 4568 1280 4615 hunc
1303 4564 1436 4614 Alledium
1455 4563 1584 4613 Severum

971 4649 1089 4713 equitem
1108 4650 1258 4699 Romanum
1277 4651 1358 4698 fuisse
1376 4649 1438 4699 dicit
1455 4648 1515 4698 Tac.
1526 4651 1543 4698 l.
1555 4651 1585 4710 4.,

971 4734 1030 4797 (qui
1051 4735 1182 4798 libertini,
1205 4736 1259 4788 sive
1282 4739 1387 4798 sponte,
1411 4733 1465 4782 sive
1483 4734 1585 4783 fontem

971 4834 1052 4868 suum
1076 4824 1184 4868 secutus
1208 4821 1312 4868 nullam
1330 4819 1494 4867 mentionem
1512 4818 1586 4880 fecit)
