3322 5512
182 545 368 616 assurgere
415 530 449 594 et
494 521 655 594 lacernas
701 519 874 616 deponere
922 519 1065 591 solebat.
1117 518 1269 591 Senatus
1306 537 1460 610 quoque,
1553 509 1592 589 C.
1620 514 1651 583 6.

182 655 220 720 ut
280 644 326 720 ud
384 668 565 719 numerum
616 644 788 718 sodalium
837 642 1087 739 Augustalium
1138 655 1231 716 sorte
1280 640 1460 713 ductorum

225 863 286 920 Tac.
307 864 388 921 Arm.
408 861 429 920 I
447 863 496 920 54.
537 861 623 920 Idem
644 879 739 920 annus
760 857 891 936 (767114)
912 878 1004 918 novas
1025 860 1218 918 caerimonias
1232 858 1347 934 accepit
1361 835 1462 916 addito

182 969 328 1029 sodalium
339 970 549 1044 Augustalium
565 969 744 1042 sacerdotio,
759 1003 807 1026 -.
823 967 908 1026 Sorte
922 967 1004 1026 ducti
1019 985 1035 1026 e
1049 967 1228 1043 primoribus
1241 965 1369 1025 civitatis
1383 982 1461 1023 unus

181 1083 212 1136 et
231 1076 353 1153 viginti:
376 1075 512 1135 Tiberius
533 1075 712 1152 Drususque
733 1081 764 1135 et
786 1074 928 1135 Claudius
950 1081 979 1133 et
1001 1072 1197 1133 Germanicus
1218 1072 1395 1131 adiciuntur.

182 1296 244 1330 nam
270 1281 340 1330 sicut
365 1283 485 1345 princeps
511 1297 557 1346 per
581 1287 705 1331 senatum
732 1297 794 1331 cuni

182 1367 277 1429 populo
311 1367 538 1429 communicabat,
581 1381 650 1430 quae
685 1367 796 1416 dicenda

183 1451 310 1515 habebat,
328 1452 367 1501 ita
384 1458 493 1502 senatus
510 1450 549 1510 (et
561 1467 606 1515 pro
619 1467 650 1500 eo
662 1451 796 1514 consules)

182 1536 365 1586 internuntius
403 1543 462 1588 erat
500 1539 571 1588 inter
605 1538 733 1600 populum
767 1543 796 1586 et

182 1620 334 1684 principem.

215 1704 385 1769 Quamquam
396 1707 549 1757 consulibus
561 1708 675 1757 liberum
689 1708 794 1757 arbitri-

182 1804 228 1839 um
246 1794 317 1854 erat,
332 1796 424 1840 utrum
440 1793 542 1855 legatos
556 1793 688 1856 equestris
697 1793 796 1842 ordinis

182 1875 210 1923 in
238 1880 363 1924 senatum
391 1875 558 1926 introducere
585 1879 685 1927 vellent
712 1893 795 1928 necne

181 1956 224 2021 (cf.
241 1960 377 2010 'Momms
409 1960 470 2012 StR.
504 1963 540 2011 111
573 1978 596 2025 p.
629 1961 724 2012 96οΑ
753 1963 794 2028 l),

181 2059 212 2093 ex
236 2045 333 2094 verbis:
362 2047 437 2108 apud
461 2047 568 2095 eosdem
593 2061 646 2095 non
668 2048 795 2111 colligen-

182 2129 245 2178 dum
263 2135 318 2194 est,
335 2131 405 2194 apud
424 2133 546 2180 consules
563 2136 669 2180 tantum
687 2131 796 2183 verbaa

182 2211 291 2263 Claudio
317 2215 388 2264 facta
413 2230 485 2277 esse,
511 2216 543 2265 ci.
570 2216 632 2265 Ner.
660 2215 688 2264 7:
720 2217 796 2278 apud

182 2300 298 2350 eundem
319 2301 455 2350 maculem
472 2301 602 2350 -verba
625 2301 695 2363 fecit.
725 2301 795 2350 Nero

183 2389 273 2434 etitem
295 2385 352 2433 sine
377 2382 455 2433 dubio
478 2385 507 2433 in
529 2389 625 2433 senatu
648 2386 795 2434 orationem

182 2469 285 2517 habuit.
309 2466 436 2517 Claudius
460 2483 512 2517 non
535 2469 639 2533 legatus
656 2470 721 2533 fuit,
745 2470 795 2519 nisi

182 2553 214 2602 ad
233 2553 390 2616 principem,
408 2556 449 2602 vel
466 2553 494 2602 in
511 2554 591 2603 rebus
605 2555 637 2603 ad
651 2555 795 2618 principem

182 2638 366 2700 familiamque
383 2639 441 2686 eius
459 2638 661 2700 pertinentibus.
681 2638 723 2689 Sic
741 2655 795 2688 non

183 2722 307 2771 audimus
344 2736 407 2771 enm
436 2724 556 2786 legatum
582 2723 664 2772 fuisse
696 2724 795 2774 ordinis

184 2807 315 2869 equestris
346 2807 378 2855 ad
411 2805 538 2856 Seianum
569 2823 592 2858 a.
619 2806 710 2871 tettae
737 2807 794 2871 (Dio

184 2888 230 2954 58,
247 2889 276 2954 9,
295 2889 329 2952 8).

214 2977 380 3038 spectaculis
415 2975 560 3026 Suetonius
586 2977 711 3039 temporis
736 2991 794 3026 mo-

182 3065 304 3109 mentum
328 3060 475 3123 significare
499 3062 567 3110 solet
585 3077 632 3124 per
648 3062 795 3124 simplicem

181 3143 341 3192 Ablativum.
367 3143 501 3194 Maleolim
521 3144 723 3209 Oudendorpins
740 3162 794 3196 voc.

181 3229 339 3291 spectaculis
355 3229 495 3292 explicavit
512 3245 559 3293 per
574 3231 607 3280 de
623 3232 760 3280 sedilibus.

213 3328 363 3376 assurpere.
409 3314 479 3376 quod
515 3315 601 3364 facere
635 3321 795 3378 spectatores

181 3397 313 3447 debebant
336 3398 446 3461 principi
463 3404 491 3448 et
508 3400 716 3463 magistratibus,
741 3401 796 3452 Hac

181 3486 272 3539 tumen
290 3487 377 3532 aetate
394 3483 466 3531 idem
484 3484 511 3532 in
529 3484 657 3533 honorem
674 3485 795 3534 sisinium

181 3566 303 3629 principis
329 3566 414 3615 iacere
437 3567 569 3624 solebant,
595 3570 628 3617 cf.
654 3569 720 3633 Aug.
748 3570 794 3620 56:

180 3649 293 3700 Eisdem
318 3650 392 3711 (filiis
414 3650 480 3713 suis)
500 3656 684 3714 praelectoris
707 3655 795 3703 adhuc

180 3742 363 3785 assurrectum
380 3737 414 3785 ab
430 3738 565 3786 universis
583 3739 614 3787 ia
630 3739 734 3788 theatro
744 3746 795 3788 eta

180 3821 314 3870 stantibus
334 3821 480 3885 plausum,
501 3824 666 3884 pravissime
686 3831 795 3886 questus

180 3912 226 3954 est.
252 3905 285 3955 cf.
311 3904 459 3955 Mommsen
485 3906 546 3957 StR.
569 3906 594 3955 1³
617 3906 666 3956 398
690 3907 743 3956 At
764 3923 794 3951 =

181 3989 205 4040 1²
222 3988 280 4040 389.

214 4075 336 4124 lacernas
372 4075 513 4137 deponere.
553 4078 681 4126 lacernati
714 4077 796 4140 igitur

181 4160 321 4223 sedebant,
339 4174 505 4223 quamquam
524 4162 662 4225 Augustus
676 4166 797 4211 vetuerat

181 4260 215 4294 ne
245 4245 315 4295 cives
347 4244 459 4295 Romani
486 4248 643 4310 spectaculis
668 4247 796 4296 lacernati

181 4332 221 4380 rel
245 4332 381 4394 paenulati
406 4332 544 4387 adessent,
572 4332 604 4381 ct.
632 4332 705 4380 Suet.
729 4331 795 4394 Aug.

180 4413 226 4465 to:
275 4416 416 4477 nepotium
457 4416 591 4469 aedilibus
633 4416 722 4479 dedit,
763 4430 797 4464 ne

181 4515 263 4564 quem
303 4501 416 4564 posthac
458 4506 620 4562 paterentur
662 4503 693 4550 ia
736 4500 796 4561 foro

180 4586 283 4635 circaue
312 4585 370 4634 uisi
403 4586 502 4648 positis
535 4586 649 4634 lucernis
676 4592 797 4648 topatum

180 4671 333 4719 consistere.
350 4684 371 4719 c.
390 4668 437 4718 to:
456 4672 605 4732 sanxitque
622 4670 797 4732 aequispal-

182 4754 300 4804 latorum
316 4754 407 4804 media
420 4768 500 4803 cavea
507 4755 624 4810 sederet,
637 4755 670 4803 cf.
683 4754 797 4803 Momm-

181 4854 227 4890 sen
251 4837 311 4889 StR.
339 4839 375 4888 111
403 4855 426 4902 p.
454 4837 518 4900 990,
549 4838 570 4886 Α
596 4838 620 4886 9.
655 4837 797 4888 Claudium

850 1283 933 1346 igitur
967 1282 1072 1344 equites
1107 1282 1136 1330 R.
1170 1282 1208 1330 ita
1242 1281 1399 1344 coluerunt,
1433 1285 1463 1328 ut

850 1371 987 1429 praesente
1016 1381 1047 1416 eo
1074 1367 1157 1429 togati
1183 1366 1314 1416 sederent.
1346 1366 1463 1415 Lacerna

849 1451 1463 1514 ecatamiculumamplum,cucullumhabens,

849 1537 920 1600 quod
939 1551 1019 1600 supra
1036 1541 1126 1600 togam
1144 1536 1306 1599 gestabatur.
1324 1533 1367 1596 (ct.
1380 1535 1462 1597 Marq.

849 1621 879 1671 V.
889 1622 956 1670 Priv.
967 1618 1002 1669 ll²
1015 1636 1038 1683 p.
1052 1619 1114 1683 568,
1126 1620 1147 1669 Α
1157 1620 1171 1669 1
1186 1619 1238 1684 sq.)
1248 1621 1306 1669 Non
1317 1624 1386 1669 recte
1397 1619 1463 1667 milri

850 1706 911 1757 Sittl
942 1705 1000 1768 „die
1031 1704 1169 1754 Gebiirden
1200 1706 1246 1753 der
1281 1703 1410 1754 Griechen
1436 1720 1462 1752 u.

849 1790 963 1840 Rome1·''
989 1807 1012 1853 p.
1036 1789 1086 1838 151
1109 1791 1269 1840 dilocum
1288 1794 1409 1839 nostrum
1426 1789 1463 1837 ia

849 1877 979 1938 accepisse
1013 1875 1131 1937 videtur,
1165 1879 1196 1924 ut
1227 1876 1332 1938 equites
1363 1875 1463 1937 capita,

849 1965 929 2010 antea
941 1961 1052 2010 cucullis
1065 1965 1145 2022 tecta,
1155 1959 1288 2022 apernisse
1298 1959 1463 2022 intelligendi

850 2050 952 2108 essent3
991 2046 1041 2094 hoc
1076 2047 1162 2107 enirn,
1198 2042 1280 2107 (quod
1316 2043 1396 2092 simul
1430 2042 1463 2091 ab

850 2131 986 2195 equitibus
1003 2130 1104 2180 facturn
1122 2144 1193 2192 esse,
1211 2144 1257 2191 pei·
1272 2143 1299 2177 se
1312 2125 1397 2190 patet)
1410 2142 1463 2176 non

850 2217 947 2265 dicitnr
972 2216 1091 2264 lacernas
1125 2215 1269 2276 deponere,
1304 2212 1349 2261 sed
1384 2217 1464 2274 caput

850 2301 950 2364 aperire
973 2301 1006 2350 cf.
1031 2299 1094 2349 Sall.
1120 2299 1186 2347 illst.
1205 2298 1232 2361 5,
1257 2295 1298 2345 13.
1321 2296 1378 2345 Val.
1395 2295 1463 2345 Max.

850 2384 879 2448 5,
896 2384 926 2446 9,
943 2383 966 2433 9.

883 2475 999 2518 senatus.
1030 2469 1077 2531 qui
1096 2472 1123 2516 et
1140 2482 1208 2517 nova
1226 2468 1370 2517 sacerdotia
1387 2467 1464 2516 insti·

849 2554 955 2616 luebat,
987 2554 1150 2616 modumque
1180 2553 1286 2603 creandi
1316 2553 1465 2602 sacerdotes

849 2638 1020 2701 decernebat,
1043 2641 1071 2686 et
1091 2638 1160 2700 ipsos
1181 2638 1330 2687 sacerdotes
1348 2638 1463 2687 creabat.

849 2723 882 2773 cf.
914 2724 972 2772 Tac.
1005 2723 1073 2771 Ann.
1107 2722 1143 2770 111
1169 2720 1214 2770 te:
1250 2722 1349 2770 Caesar
1372 2728 1466 2770 auctor

849 2810 956 2858 senatui
983 2808 1038 2870 fuit
1065 2806 1170 2856 Vitellio
1195 2812 1277 2869 atque
1305 2805 1421 2856 Veranio
1440 2813 1466 2856 et

849 2892 961 2941 Servaeo
1001 2892 1152 2941 sacerdotia
1187 2892 1332 2941 tribuendi.
1376 2890 1465 2940 Oratio

850 2976 952 3026 Claudii
979 2978 1011 3026 de
1038 2978 1096 3026 iure
1122 2976 1254 3024 honorum
1279 2975 1361 3024 Gallis
1378 2976 1465 3024 dando

850 3061 903 3111 (iol.
931 3063 954 3111 ll
981 3063 1026 3110 lin.
1050 3060 1097 3110 13:
1123 3062 1200 3110 cuius
1226 3061 1305 3111 liberi
1332 3061 1465 3122 fricantur

850 3160 950 3209 quaeso
965 3147 1059 3208 primo
1077 3147 1289 3195 sacerdotiorum
1306 3146 1401 3208 prada.

882 3231 919 3279 ad
928 3245 1082 3279 numerum.
1093 3236 1222 3294 quattuor
1232 3245 1312 3293 supra
1322 3245 1464 3279 numerum

850 3316 945 3378 adiecti
955 3320 1029 3364 sunt:
1040 3316 1167 3378 Tiberius,
1175 3316 1284 3376 Drusus,
1291 3313 1465 3365 Germanicus

850 3405 877 3449 et
901 3398 1028 3449 Claudius
1052 3399 1096 3460 (cf.
1121 3400 1180 3449 Tac.
1198 3399 1267 3448 dnn.
1286 3400 1296 3448 l
1314 3398 1367 3460 st).
1391 3399 1465 3457 Quae

849 3500 892 3534 res
917 3485 997 3533 simul
1024 3485 1137 3545 indicat,
1163 3482 1306 3532 Claudiurn
1330 3498 1346 3531 a
1370 3488 1462 3531 senatu

850 3569 972 3632 principis
999 3569 1118 3618 familiae
1143 3570 1350 3618 adnumeratum
1376 3568 1465 3618 luisse.

881 3653 925 3703 Ad
943 3668 1091 3702 numerum
1108 3659 1135 3702 et
1152 3668 1237 3715 supra
1249 3669 1396 3703 mimeram
1405 3668 1464 3715 pro-

850 3739 949 3787 miscue
979 3739 1088 3802 dicitur,
1117 3738 1149 3788 ci.
1179 3737 1206 3788 C.
1232 3739 1242 3786 1
1268 3739 1295 3787 L.
1322 3738 1356 3786 l'l
1386 3736 1464 3794 19842

851 3821 995 3885 [aldlectus
1026 3823 1062 3871 ad
1093 3837 1241 3871 nunrerum
1271 3838 1306 3871 ecc
1330 3819 1465 3883 deuotus)

849 3905 999 3968 clausulto).
1039 3922 1167 3956 nummus
1209 3907 1321 3956 Neronis
1355 3905 1465 3967 (Eckhel

850 3994 879 4042 D.
897 3993 929 4041 N.
949 3993 982 4040 Vl
1001 4008 1024 4054 p.
1045 3990 1095 4040 960
1115 4007 1145 4034 =
1164 3990 1254 4040 Celsen
1277 3991 1346 4039 Nero
1364 4005 1389 4038 n.
1408 3989 1465 4052 55):

849 4074 1012 4139 coopttatus)
1034 4077 1065 4125 ia
1085 4074 1202 4137 ommia)
1217 4073 1362 4139 coul(epia)
1381 4090 1465 4138 supra

850 4159 1023 4223 mundarum)
1040 4175 1074 4210 erc
1091 4159 1223 4222 steuatus)
1241 4157 1392 4220 densatio).

883 4247 1019 4295 sodalium
1036 4245 1239 4308 Aupustalium.
1263 4246 1300 4294 ita
1316 4245 1388 4293 enirn
1406 4245 1466 4293 nori

850 4332 999 4380 sacerdotes
1045 4329 1169 4393 appellati
1203 4332 1274 4377 sunt.
1316 4328 1465 4376 Sacrariurn

851 4417 1004 4465 habuerunt
1016 4415 1136 4476 Bovillis,
1151 4411 1314 4475 (dedicatum
1328 4410 1420 4475 769116
1432 4413 1465 4461 cf.
1559 4431 1562 4439 ·

851 4502 910 4550 Tac.
934 4501 1001 4549 Ann.
1021 4498 1102 4558 1141)
1122 4497 1168 4546 ubi
1185 4498 1247 4546 fasti
1266 4498 1346 4545 itarius
1364 4497 1465 4559 collegii

852 4586 949 4648 reperti
967 4589 1031 4633 sunt
1048 4582 1087 4644 (C.
1106 4584 1125 4632 l.
1144 4582 1171 4631 L.
1190 4582 1224 4630 Vl
1241 4580 1427 4642 test-2000).

887 4668 1029 4718 Claudiurn
1052 4668 1168 4716 sodalem
1192 4667 1367 4729 augustalem
1384 4666 1465 4714 fuisse

852 4757 988 4801 testantur
1005 4753 1092 4814 tituli,
1110 4765 1190 4812 supra
1206 4751 1260 4799 iam
1278 4751 1391 4813 ascripti,
1408 4749 1435 4799 C.
1446 4751 1464 4798 l.

854 4838 880 4887 L.
901 4837 921 4887 v
939 4837 972 4886 91
982 4853 1011 4880 =
1024 4838 1122 4886 Dessau
1136 4851 1161 4885 n.
1175 4834 1231 4884 198.
1245 4835 1272 4885 G.
1287 4837 1304 4884 1.
1320 4836 1345 4883 L.
1360 4833 1464 4884 111381.
