3322 5512
104 495 282 590 sponsalia
314 495 407 568 filiae
443 496 664 590 natalemque
698 494 810 595 geniti
841 493 976 589 nepotis
1010 492 1146 566 silentio
1181 517 1221 565 ac
1247 501 1383 565 tantum

103 619 291 692 domestica
340 620 506 716 reiigione
552 621 731 715 transegit.
796 618 975 693 Neminem
1032 619 1174 692 exulum
1224 618 1289 690 nisi
1337 641 1380 691 ex

143 809 203 867 Dio
233 812 287 882 60,
315 813 348 882 5,
381 813 456 867 ‹·=
479 810 550 868 Zon.
573 810 625 868 XI
649 813 670 868 8
690 829 721 885 p.
744 811 817 869 462.
860 807 918 878 τας
953 813 1024 883 γοῦν
1061 804 1241 886 θυγατέρας
1277 809 1307 870 ἐν
1341 808 1382 886 τῷ

104 913 161 979 ἔτει
192 916 285 994 τούτῳ
316 917 369 989 τὴν
401 917 457 992 μὲν
490 918 648 993 ἐγγυήσας
681 916 795 995 Λευκίῳ
826 916 934 994 'lavile
967 916 1108 995 Σιλανῷ,
1140 916 1194 988 τὴν
1227 915 1259 977 δὲ
1282 914 1384 986 ἐκδοὺς

104 1020 198 1101 Γναίῳ
230 1022 378 1102 Πομπηίῳ
412 1021 551 1103 Masis,
584 1024 665 1088 οὐδὲν
690 1023 841 1107 ἐξαίρεται
867 1023 1017 1105 ἔκραξεν,
1050 1021 1138 1085 ἄλλα
1162 1022 1214 1085 καὶ
1238 1021 1329 1091 αὐτὸς
1352 1021 1382 1084 ἐν

103 1135 171 1200 ταῖς
195 1127 320 1208 ἡμέραιν
345 1130 470 1203 ἐκείναις
494 1131 614 1195 ἐδίκασε
638 1129 690 1194 καί
714 1133 729 1204 ἦ
755 1131 852 1208 βουλὴ
878 1128 1039 1210 ἠθροίσθη.

103 1338 134 1386 ei.
158 1337 214 1386 Act.
238 1338 269 1385 fr.
295 1337 354 1387 Arv.
379 1338 406 1388 O.
425 1339 443 1387 1.
463 1339 489 1389 L.
509 1339 542 1388 vt
560 1338 638 1388 2035:
658 1377 663 1388 .
684 1376 688 1386 .
709 1376 713 1386 .

103 1419 344 1483 analemmatos)
364 1420 482 1483 [sacrani
501 1423 517 1471 I
520 1421 574 1484 loci
591 1423 662 1486 qaod
677 1423 714 1470 Ti.

104 1503 232 1553 Claudias
251 1503 362 1567 Cae[sar
372 1505 523 1568 Aupastlus
537 1506 715 1555 Gemrtanicus

102 1588 202 1650 p(ater)
233 1586 363 1651 matriae)
394 1590 547 1652 appellatas
575 1587 645 1651 [esti.
678 1590 714 1637 Dc

104 1688 171 1722 anno
201 1679 305 1722 constat
331 1689 361 1722 ex
389 1675 583 1736 comparatione
610 1674 714 1722 nummi

103 1756 205 1806 Claudii
222 1758 340 1821 inscripti
358 1757 469 1819 (Eckhel
488 1758 516 1807 D.
537 1758 567 1806 N.
587 1757 620 1806 Vl
638 1757 714 1819 838);

105 1842 158 1892 Cos.
183 1843 293 1893 Desit.
312 1843 379 1909 Pon.
398 1843 432 1892 M.
456 1843 497 1892 Tr.
516 1843 546 1891 P.
566 1843 634 1905 lnrp.
653 1860 714 1892 rum

103 1927 152 1976 alio
169 1924 279 1988 (Eckhel
298 1927 331 1975 Vl
349 1925 409 1987 839)
427 1928 473 1990 qui
494 1927 585 1976 habet:
615 1927 670 1976 Cos.
688 1927 718 1976 ll

102 2011 167 2060 Pon.
182 2011 219 2061 M.
240 2011 282 2060 Tr.
300 2011 331 2061 P.
349 2011 419 2074 Imp.
439 2012 468 2061 P.
488 2012 534 2074 Ρ.,
552 2013 585 2062 cf.
605 2013 710 2061 Henzen

103 2097 157 2144 Aet.
176 2097 207 2144 fr.
225 2096 285 2145 Arv.
304 2112 327 2158 p.
345 2095 385 2145 os.

134 2181 162 2229 A.
191 2177 284 2243 801148
310 2180 437 2230 Claudius
465 2183 614 2245 prohibuit,
647 2199 714 2246 quo-

103 2265 189 2313 minus
213 2280 228 2313 a
252 2270 347 2314 senatu
374 2281 470 2315 nomen
498 2269 580 2330 patris
605 2274 713 2317 senatus

102 2351 243 2414 acciperet,
270 2352 302 2400 cf.
328 2351 386 2400 Tae.
410 2352 479 2401 Ann.
498 2353 533 2401 Xl
551 2353 596 2402 85;
622 2353 658 2402 Ol)
682 2369 713 2403 ea

106 2434 251 2498 Vipstanus
265 2437 357 2485 conani
372 2436 595 2499 rettulitpatrcni
605 2444 713 2486 serratus

101 2521 296 2583 appellandum
329 2536 385 2570 esse
421 2522 574 2572 carnalium.
604 2548 636 2555 -
661 2523 713 2570 Sed

103 2607 158 2667 ipse
180 2606 301 2655 cohibuit
324 2608 460 2655 consulent
484 2613 512 2655 ut
528 2607 648 2656 nimiam
663 2607 713 2655 ad-

101 2696 258 2738 sentinam.
284 2690 365 2738 Plura
390 2691 542 2739 testimonia
570 2692 713 2740 modestiae

102 2773 204 2822 Claudii
222 2775 294 2823 dedit
312 2774 359 2823 Dio
370 2774 411 2836 60,
425 2774 448 2838 5,
462 2772 535 2824 3-6.
554 2774 652 2823 Contra
661 2790 713 2823 non

101 2860 185 2906 solum
206 2873 276 2908 more
294 2859 370 2908 solito
388 2858 416 2907 in
435 2859 574 2921 provinciis
593 2860 713 2907 utdeum

101 2957 128 2991 se
145 2943 194 2992 coli
209 2958 302 3006 passus
316 2949 356 2992 est
374 2945 457 2992 veluti
470 2944 498 2992 in
508 2943 617 2992 Graecia
632 2949 713 3006 atque

100 3027 180 3076 etiam
199 3028 226 3076 in
245 3027 382 3077 Britannia
399 3026 443 3089 (ci.
463 3027 523 3077 Sen.
535 3028 670 3090 llpocoloe.
683 3026 713 3090 8,

100 3110 129 3162 3:
146 3120 313 3175 portentosi,
332 3114 403 3176 qriod
417 3114 548 3174 templum
561 3114 591 3161 in
600 3113 713 3162 Britan-

100 3197 149 3246 nia
167 3198 263 3247 habeti
280 3199 352 3261 qaod
372 3198 442 3247 hanc
459 3197 567 3246 barbari
586 3199 677 3246 colunt
689 3204 714 3246 et

101 3287 131 3329 nt
151 3282 233 3331 deam
250 3288 332 3332 orant
344 3285 440 3345 μωροῦ
458 3277 577 3330 callidior)
596 3285 683 3345 τυχεῖν
690 3280 713 3342 8)

101 3367 145 3415 sed
171 3368 265 3431 etiam,
293 3369 364 3432 quod
388 3372 483 3416 notatu
507 3382 571 3416 sane
588 3368 713 3429 dignum,

100 3451 126 3499 in
141 3451 217 3500 ltalia
230 3467 276 3516 pro
287 3454 397 3502 numine
409 3454 498 3503 cultus
510 3457 564 3516 est,
582 3452 712 3515 siquidem

102 3550 191 3585 revera
215 3538 333 3587 Puteolis
358 3539 521 3588 sacerdotem
548 3537 655 3599 habuit,
681 3537 713 3586 cf.

101 3623 211 3672 titulum
236 3623 411 3672 Puteolanum
437 3638 459 3671 a.
483 3620 575 3683 799llss
598 3621 712 3684 positum

102 3705 129 3755 G.
156 3707 174 3755 1.
201 3707 228 3757 1..
254 3707 278 3757 X
303 3706 381 3756 1558:
417 3705 555 3768 [surianae
579 3704 714 3768 pnlblioae

101 3790 235 3854 sacrandi
266 3789 426 3852 ministrale
456 3791 588 3839 sacerdoti
613 3787 714 3850 di[cini

102 3878 188 3926 nostri
205 3875 395 3939 imlperatoris
416 3875 453 3924 Ti.
473 3873 583 3936 Cland[i
596 3874 713 3935 Drusis.

103 3960 175 4011 Caes.
210 3958 340 4023 Anp]asti
374 3959 531 4009 Germanici
562 3957 714 4022 pont[ificis

101 4047 220 4096 unanimi
245 4045 305 4094 trib.
330 4051 385 4107 pot.
416 4042 467 4105 Vll
489 4059 538 4092 cos.
565 4044 610 4092 III
631 4045 712 4107 desip.

101 4129 161 4178 IIII
175 4131 242 4192 imp.
260 4129 316 4177 XII
328 4127 418 4191 pipi.

134 4215 273 4277 sponsalia
307 4214 388 4276 filiae.
423 4215 569 4262 secundum
604 4215 713 4264 itionem

102 4298 158 4364 (rio,
176 4301 206 4362 5,
224 4298 250 4357 7)
268 4313 321 4347 non
339 4299 424 4346 solnm
443 4299 468 4346 in
484 4300 623 4360 sponsaliis
635 4297 713 4348 Oeta-

102 4385 171 4444 riae,
195 4397 276 4446 quam
301 4381 328 4431 L.
352 4382 430 4430 lunio
454 4380 544 4431 Silano
563 4383 713 4446 despondit,

102 4469 144 4517 sed
162 4467 244 4516 etiam
262 4467 290 4515 in
304 4465 403 4528 nuptiis
412 4466 555 4530 Antoniae,
573 4482 654 4530 quam
667 4466 713 4517 Cn.

102 4551 241 4615 Pompeius
264 4549 376 4614 Magnus
394 4550 482 4613 duxit,
507 4551 573 4600 nihil
591 4552 713 4600 immodi-

102 4652 161 4686 cum
180 4635 249 4684 fecit.
283 4635 319 4683 Ex
338 4635 420 4684 Dione
438 4636 520 4696 initur
536 4636 713 4699 colligendam

102 4725 154 4781 est,
178 4720 322 4769 Antoniam
346 4721 398 4768 iam
422 4725 569 4784 antequam
587 4719 714 4770 Claudius

103 4806 221 4868 princeps
248 4804 334 4854 factus
360 4805 408 4869 sit,
434 4805 590 4870 desponsam
617 4805 712 4868 fuisse,

769 1343 796 1385 et
827 1336 970 1386 Suetonius
1002 1338 1077 1386 Dioni
1109 1337 1231 1385 assentiri
1264 1336 1382 1398 videtur,

769 1436 829 1470 cum
854 1421 886 1470 de
908 1422 987 1469 unius
1005 1420 1075 1470 filiae
1092 1421 1230 1484 sponsaliis
1247 1421 1381 1484 loquatur.

802 1506 944 1568 sponsalia
966 1506 1035 1568 apud
1060 1504 1132 1555 Suet.
1151 1505 1282 1555 secundae
1305 1505 1383 1554 deeli-

770 1590 884 1638 nationis
893 1594 941 1652 est,
949 1588 1321 1653 cf.Arrg.53:eponsaliomim
1330 1591 1383 1640 die.

802 1675 920 1725 natalem
943 1676 1029 1737 peniti
1055 1676 1172 1738 nepotis,
1197 1675 1229 1724 cf.
1248 1675 1295 1724 Dio
1313 1675 1382 1738 apud

770 1760 829 1809 Zon.
839 1760 874 1809 Xl
883 1758 899 1806 ll
909 1774 932 1822 p.
943 1759 1005 1808 467:
1023 1755 1194 1823 γεννηθέντος
1203 1754 1233 1807 δὲ
1241 1756 1269 1807 οἱ
1275 1754 1382 1823 ἔγγόνου

769 1840 799 1892 ἐκ
819 1846 864 1907 τῆς
878 1839 1015 1898 Ἀντωνίας
1033 1848 1078 1908 τῆς
1096 1840 1242 1907 θυγατρός,
1260 1841 1293 1907 ἣν
1310 1840 1382 1905 Κορ-

769 1926 851 1993 νηλίῳ
866 1925 979 1991 Φαύστῳ
991 1924 1079 1991 Σύλλᾳ
1092 1925 1203 1992 ἀδελφῷ
1215 1932 1261 1992 τῆς
1273 1925 1382 1977 Μεσσα-

769 2009 841 2076 λίνης
859 2010 912 2061 ὅντι
929 2009 995 2075 μετὰ
1008 2008 1052 2061 τὸν
1064 2016 1110 2061 τοῦ
1124 2008 1236 2076 Μάγνου
1250 2008 1382 2075 συνῴκισε

771 2093 892 2156 θάνατον,
911 2092 988 2145 οὐδὲν
1005 2093 1097 2161 ἀφῆκε
1114 2097 1142 2158 (l.
1160 2093 1259 2161 ἐφῆκε)
1276 2113 1381 2160 ψηφισ-

769 2180 865 2246 θῆναι,
882 2185 1092 2246 μετριοφρονῶν.
1111 2182 1214 2231 Nomen
1233 2180 1280 2230 filii
1298 2181 1381 2230 Anto-

770 2269 828 2316 niae
845 2272 873 2316 et
891 2268 980 2317 Sullae
998 2268 1166 2330 ignoramuS,
1183 2267 1238 2328 ipse
1249 2270 1321 2315 certo
1335 2272 1382 2315 aut

768 2358 830 2401 ante
841 2352 953 2400 Neronis
965 2352 1155 2414 principatum,
1173 2356 1221 2399 aut
1234 2352 1312 2413 paulo
1325 2355 1383 2413 post

768 2437 837 2486 diem
847 2436 919 2486 obiit.
932 2435 1056 2485 Ceterum
1066 2437 1147 2484 etiam
1158 2441 1220 2484 nato
1230 2435 1382 2485 Britannico

768 2523 860 2571 eadem
879 2523 1058 2571 moderatione
1078 2537 1140 2570 usus
1158 2526 1211 2583 est,
1230 2521 1263 2569 cf.
1281 2520 1328 2569 Dio
1341 2519 1381 2583 oe,

768 2607 814 2670 18,
840 2608 904 2656 5:
923 2607 983 2657 Zon.
1009 2607 1045 2655 Xl
1069 2605 1085 2654 9
1112 2622 1134 2668 p.
1160 2603 1222 2654 463:
1255 2601 1325 2652 οὕτω
1350 2631 1382 2638 -

767 2688 918 2756 ἐμετρίαζεν
927 2688 994 2740 ὥστε
1003 2686 1172 2755 γεννηθέντος
1182 2685 1255 2752 αὐτῷ
1264 2684 1342 2748 υἱέος,
1349 2715 1382 2723 -

768 2773 821 2825 οὔτ’
846 2773 909 2825 ἄλλο
927 2793 949 2824 τι
968 2771 1092 2840 ἐπιφανὲς
1116 2771 1228 2838 ἔπραξεν
1252 2769 1305 2822 οὔτ’
1325 2770 1381 2822 Αὔ-

767 2876 877 2924 γουστον
894 2855 973 2908 αὐτὸν
991 2855 1007 2923 ἢ
1027 2855 1118 2923 τήνγε
1136 2855 1307 2908 Μεσσαλῖναν
1325 2855 1381 2907 Αὔ-

767 2961 879 3009 γοιισταν
896 2941 1072 3008 ἐπικληθῆναι
1090 2940 1201 3008 ἐφῆκεν.

801 3032 1077 3092 silentio-transepit
1106 3031 1121 3080 i.
1146 3045 1167 3079 e.
1194 3031 1251 3079 sine
1277 3029 1381 3091 publica

769 3116 920 3164 festivitate.
948 3115 1014 3163 Nam
1042 3129 1073 3163 ex
1100 3114 1185 3163 verbis
1207 3113 1382 3177 sequentibus

769 3206 876 3249 tantam
893 3201 1044 3249 donnestica
1060 3200 1192 3262 relipione
1209 3203 1295 3261 patet,
1317 3198 1382 3246 alios

768 3285 895 3347 principes
913 3284 1044 3347 sponsalia
1056 3298 1166 3332 suorum
1178 3282 1259 3331 sacris
1271 3281 1381 3345 publicis

767 3369 945 3419 celebravisse.
984 3368 1021 3418 of.
1055 3374 1192 3431 praeterea
1223 3366 1256 3415 ad
1283 3382 1303 3415 c.
1334 3365 1380 3415 it:

767 3456 810 3504 ias
833 3455 906 3504 dicit
929 3456 1013 3504 etiam
1031 3456 1088 3503 sais
1105 3466 1272 3515 suorumque
1289 3452 1381 3500 diebrrs

768 3540 949 3589 sollemnibus.

801 3625 945 3674 Neminem
991 3625 1110 3672 caniani.
1164 3623 1246 3685 igitur
1286 3636 1319 3669 ne
1353 3621 1380 3668 in

768 3709 900 3758 sororibus
930 3707 988 3756 Gaii
1019 3707 1126 3770 quidem
1154 3705 1306 3755 revocandis
1332 3705 1380 3753 hoc

768 3793 863 3841 omisit.
881 3791 1052 3841 Rescissionis
1069 3796 1188 3840 actorum
1207 3804 1266 3852 pars
1284 3803 1381 3852 magna

768 3880 826 3925 erat
849 3891 916 3925 nova
938 3876 1052 3938 cognitio
1075 3875 1233 3924 iudiciorum
1255 3874 1380 3923 crimina-

768 3962 834 4010 lium
844 3960 901 4009 eius
910 3960 1039 4023 principis
1046 3960 1122 4008 cuius
1129 3958 1380 4008 actareseindeban-

767 4038 1380 4109 tunes.Mommssinlnlffiaffl:ididia

800 4145 835 4179 ea
860 4135 969 4178 senatus
996 4129 1156 4177 anctoritate
1180 4128 1196 4176 i.
1223 4141 1245 4175 e.
1272 4131 1381 4175 senatus

768 4215 903 4276 consulto,
921 4214 952 4262 de
970 4229 1023 4276 quo
1043 4228 1091 4262 usu
1110 4214 1178 4262 vocis
1195 4217 1303 4261 senatus
1316 4226 1379 4259 anc-

769 4302 864 4350 toritas
888 4302 920 4350 cf.
944 4301 1064 4350 Momms.
1088 4298 1148 4349 stn.
1173 4297 1210 4346 ΙΙΙ
1232 4295 1299 4345 1088
1317 4294 1338 4343 Α
1356 4295 1379 4344 8.

768 4383 895 4433 Claudius
928 4385 966 4433 ita
997 4392 1091 4448 agens,
1126 4383 1168 4430 ias
1199 4380 1381 4444 indulgentias

768 4469 848 4517 dandi
868 4474 976 4518 senatus
997 4469 1078 4518 solius
1100 4482 1156 4516 esse
1173 4466 1309 4515 confessus
1327 4470 1380 4527 est,

768 4568 859 4603 revera
892 4558 982 4602 tamen
1017 4553 1081 4601 talia
1114 4556 1223 4600 senatus
1259 4551 1380 4598 consulta

768 4639 818 4687 nisi
842 4644 948 4687 auctore
966 4637 1081 4699 principe
1100 4651 1152 4684 non
1170 4635 1240 4684 facta
1257 4649 1314 4683 esse
1334 4649 1380 4696 per

768 4735 795 4770 se
813 4726 897 4784 patet,
914 4721 947 4771 cl.
965 4720 1085 4769 Momms.
1103 4719 1163 4768 StR.
1182 4717 1219 4767 ΙΙ3
1236 4716 1285 4767 881
1298 4733 1336 4784 sq.
1348 4734 1378 4760 =

769 4802 804 4853 11²
821 4803 870 4860 848
888 4821 940 4879 ειη,
960 4805 1059 4880 Herzog
1077 4805 1099 4853 ll
1118 4802 1167 4864 729
1185 4819 1222 4877 sq.
