3322 5512
873 320 891 377 6

140 562 145 578 .
239 506 409 578 barbarae
448 504 620 594 mulieriS,
659 503 812 576 humana
850 503 1015 599 amplior,
1053 503 1217 576 victorem
1252 502 1394 576 tendere
1430 503 1520 576 ultra

237 652 395 703 sermone
420 629 547 702 Latino
573 628 813 724 prohibuisset.
840 628 940 716 thiras
966 629 1008 700 ob
1034 650 1092 700 res
1118 626 1246 700 orandi
1272 627 1327 699 ius
1349 636 1383 700 et
1401 627 1520 700 trium-

237 753 356 850 phalia
389 763 592 827 ornamenta
625 753 797 849 percepit3
832 776 874 826 ac
903 762 981 848 post
1007 761 1205 848 praeturam
1232 753 1410 826 confestim
1437 753 1520 826 inito

237 880 419 952 consulatu
458 887 562 972 atque
593 877 811 973 expeditione
842 877 1004 973 repetita⁷
1044 900 1245 972 supremum
1276 877 1367 949 diem
1401 877 1520 949 morbo

279 1030 383 1090 Strabo
399 1020 478 1104 111,
508 1033 538 1103 I,
569 1031 603 1104 3,
626 1047 658 1106 p.
683 1031 748 1087 291.
791 1028 974 1108 ἐχειρώσατο
1009 1028 1035 1090 δ’
1062 1029 1093 1092 οὐ
1117 1027 1204 1105 μόνον
1231 1029 1263 1113 (i
1289 1029 1437 1113 Δροῦσος)
1462 1030 1519 1091 τῶν

236 1133 331 1200 ἐθνῶν
356 1135 396 1200 τοὶ
422 1142 566 1199 πλεῖστοι.

276 1242 336 1301 Dio
359 1245 415 1316 55,
439 1245 467 1316 l,
491 1245 519 1301 3.
562 1244 637 1318 γυνὴ
663 1241 725 1321 wip
749 1266 796 1313 τις
820 1242 929 1325 μείζων
954 1239 1073 1314 ἢκκσέι
1088 1238 1249 1320 ιίνθρώπου
1266 1241 1355 1322 Φύσιν
1376 1242 1516 1316 οίπκντιί-

237 1373 319 1412 σασα
344 1350 425 1429 αὐτῷ
450 1347 520 1429 ἔφη.
555 1355 611 1413 ποῖ
628 1349 705 1422 δῆτα
730 1349 839 1428 ἐπείγῃ
865 1354 977 1428 Δροῦσε
1000 1347 1162 1426 ιίκίρεσσε;
1184 1351 1214 1411 οὐ
1232 1347 1337 1412 πώντκ
1356 1371 1399 1411 σοι
1416 1355 1518 1412 ταῦτα

237 1456 304 1519 ἰδεῖν
340 1454 508 1534 πέπρωται.
537 1456 611 1518 αλλ’
637 1453 729 1519 ι’ίπιθι
752 1479 758 1493 ·
781 1456 833 1519 καί
865 1454 926 1534 nto
958 1478 1001 1518 σοι
1025 1454 1076 1518 καί
1102 1461 1158 1518 τών
1183 1453 1275 1534 ἔργον
1299 1455 1352 1518 καί
1376 1462 1427 1520 τοῦ
1452 1455 1519 1532 βίον

238 1563 378 1644 τελευτὴ.
392 1561 446 1636 ἤδη
472 1560 600 1641 ποίοεσσι
621 1589 661 1612 =
683 1563 751 1622 Zon.
773 1563 817 1637 X,
838 1565 877 1622 35
898 1582 927 1640 p.
950 1564 1017 1622 419.

277 1669 337 1728 Dio
361 1671 416 1743 54,
440 1670 497 1743 33,
521 1672 549 1728 5.
592 1667 642 1732 διώ
673 1668 728 1745 μὲν
760 1662 807 1731 οὖν
840 1674 941 1732 ταῦτα
974 1666 1030 1739 τώς
1054 1691 1087 1731 σε
1111 1666 1268 1738 ἐπινικίους
1293 1668 1387 1744 τιμὰς
1411 1668 1462 1732 καί
1486 1669 1519 1731 τὸ

237 1775 289 1838 ἐπὶ
313 1773 440 1848 κέλητος
467 1775 498 1844 ἐς
522 1774 555 1839 τὸ
579 1773 658 1838 ώστυ
678 1773 843 1846 ἐσελιίσαι,
868 1781 909 1858 τῇ
922 1798 955 1837 σε
976 1779 1026 1837 τοῦ
1047 1771 1231 1838 νίνθυπιίτου
1252 1775 1374 1857 ἐξουσίαι
1395 1775 1501 1838 §aaran

238 1881 488 1960 διαστρατνγώσκ
513 1878 694 1960 χρήσασθαι
719 1878 826 1958 ἔλαβε.

276 1989 335 2048 Dio
359 1992 416 2063 55,
438 1991 468 2063 1,
490 1991 514 2047 1.
557 1988 569 2050 ὃ
601 1994 730 2067 Δροῦσος
760 1987 843 2064 μετὰ
873 1985 965 2069 Τίτου
998 1980 1157 2067 Κρισπίνου
1181 1974 1335 2052 ἐποίσουσι
1360 1988 1412 2052 καὶ
1436 1975 1518 2068 αὐτῷ

237 2102 348 2173 σημεῖα
384 2096 435 2160 οὐκ
469 2093 586 2171 οίναθίι
618 2092 799 2174 συνκνέχθκ.
824 2132 868 2141 -
892 2094 923 2157 οὐ
954 2091 1056 2169 μέντοι
1084 2094 1136 2156 nni
1161 2093 1316 2175 ἐφρόντισέ
1345 2121 1372 2159 τι
1398 2097 1515 2168 αὐτῶν,

236 2204 311 2266 ἀλλ’
338 2201 367 2274 ἐς
390 2226 424 2266 τε
448 2203 502 2276 τὴν
527 2205 582 2266 τών
609 2199 734 2265 Χοίστοιν
759 2199 903 2277 ἐσέβαλε.

279 2310 365 2369 Cone.
386 2310 426 2368 ad
444 2309 509 2367 Liv.
530 2328 555 2366 υ.
578 2309 645 2367 139.
687 2307 776 2367 Nunc
797 2307 927 2384 primum
942 2307 1085 2383 aspiceris
1099 2308 1205 2366 consul
1222 2308 1376 2385 victorque
1392 2310 1517 2386 parenti.

275 2416 335 2475 Dio
358 2418 465 2489 55,1‚
493 2417 518 2473 4.
560 2415 612 2478 καί
644 2415 673 2476 ἐν
707 2422 744 2494 τῇ
776 2413 829 2493 ὁδῷ
855 2412 926 2492 νίσῳ
952 2413 1008 2477 τινί
1037 2413 1103 2493 πρὶν
1132 2413 1183 2477 ἐπὶ
1211 2412 1260 2477 τὸν
1287 2414 1384 2487 Ῥῆνον
1413 2414 1517 2479 ἐλθεῖν

235 2522 484 2595 τελευτήσαντος.

236 2705 354 2754 mulieris
388 2705 472 2753 Druso
504 2703 585 2753 etiam
618 2717 724 2752 causam
758 2703 850 2751 mortis
903 2715 1067 2764 quamquam
1093 2707 1250 2751 ornamenta
1274 2703 1447 2766 triumphalia
1469 2705 1517 2753 tri-

236 2790 317 2839 luisse
348 2789 442 2852 tradit,
474 2789 505 2838 cf.
538 2787 653 2850 Seytl'ert
684 2787 790 2845 Quaest.
816 2787 848 2835 ud
903 2786 996 2848 umphi
1014 2788 1070 2835 loco
1088 2786 1228 2836 dabuntur.

235 2874 302 2938 Aug.
319 2874 390 2923 bella
407 2872 494 2922 Germ.
513 2871 615 2935 (1887),
633 2888 656 2935 p.
675 2871 707 2920 23
725 2886 781 2935 sqq.
937 2871 1009 2919 Idem
1027 2871 1074 2919 Dio
1092 2871 1165 2920 addit
1184 2872 1268 2921 Druso
1288 2878 1345 2934 post
1365 2878 1517 2936 praeturum

269 2960 368 3008 ouandi
385 2960 435 3007 ins.
471 2957 510 3007 lta
532 2961 603 3007 recte
621 2956 779 3019 Suetonius3
802 2957 848 3004 de·
903 2955 1045 3017 imperium
1094 2959 1280 3017 proconsulare
1330 2958 1517 3007 secundarium

197 3082 200 3093 .
235 3048 307 3093 oreta
332 3043 404 3092 enim
427 3042 513 3092 oratio
538 3047 578 3091 est
599 3057 621 3090 a.
640 3038 745 3104 743111,
768 3057 849 3091 ovans
903 3039 994 3088 datum
1012 3054 1082 3102 esse,
1100 3055 1153 3104 qua
1171 3042 1202 3090 de
1220 3057 1248 3091 re
1266 3047 1336 3091 tacet
1353 3041 1426 3091 Suet.

235 3129 344 3177 demum
363 3127 455 3177 urbem
469 3128 571 3177 introiit
582 3142 605 3176 a.
618 3123 723 3189 744116,
738 3131 768 3175 ut
777 3131 850 3189 patet
934 3127 1063 3187 percepit.
1098 3140 1132 3174 sc.
1158 3141 1174 3174 a
1195 3131 1304 3188 senatu,
1328 3131 1435 3175 auctore
1462 3127 1517 3175 Au-

236 3228 267 3262 ex
286 3214 368 3262 Dione
385 3212 425 3276 54,
442 3211 483 3275 36,
501 3211 528 3260 t:
549 3207 595 3261 καί
608 3206 674 3273 μετὰ
689 3214 765 3259 τοῦτο
781 3207 807 3264 ἐς
823 3228 849 3259 τε
904 3214 995 3272 gusto,
1022 3209 1054 3258 ef.
1079 3209 1106 3260 6.
1126 3211 1146 3259 l.
1164 3210 1191 3260 L.
1215 3209 1273 3259 xlv
1297 3209 1363 3259 3608
1388 3225 1418 3253 =
1446 3210 1517 3260 Dess.

234 3295 281 3362 τὴν
301 3293 409 3361 Ῥώμην
433 3293 481 3346 σὺν
503 3301 540 3360 τῷ
560 3292 707 3360 Αὐγούστῳ
725 3292 849 3359 ἀνεκομί-
904 3309 929 3343 n.
947 3291 1009 3342 986:
1037 3295 1108 3344 inmo
1122 3332 1127 3343 .
1142 3332 1147 3343 .
1162 3332 1187 3343 ..
1204 3302 1314 3344 senatus
1329 3329 1335 3342 .
1352 3332 1357 3344 .
1374 3332 1399 3344 ..
1417 3297 1517 3344 trinni-

234 3380 338 3446 σώησαν
357 3379 383 3445 (d
397 3379 517 3445 Δροῦσος
532 3377 578 3430 καί
592 3378 607 3428 ὁ
623 3377 752 3446 Τιβέριος)
761 3378 861 3449 -καίἸ
901 3379 1032 3440 phalihns
1055 3381 1224 3430 ornamentis
1249 3381 1392 3429 honorarit
1409 3387 1518 3430 airetorc

233 3465 283 3516 ὅσα
305 3461 348 3515 ἐπὶ
371 3470 426 3520 ταῖς
449 3463 535 3520 νίκαις
556 3461 690 3530 ἐψήφιστο
713 3493 746 3500 -
763 3462 849 3514 ἐπετέ-
904 3465 971 3526 imp.
991 3463 1105 3515 Caesare
1121 3464 1250 3526 Anpnsto

233 3547 318 3600 λεσαν.
334 3551 496 3614 Triumphus
505 3551 586 3599 etiam
596 3565 665 3600 anno
675 3548 750 3613 74519
759 3551 849 3601 decre·
935 3549 1080 3612 confestim
1093 3551 1162 3599 inito
1176 3550 1324 3599 consulatu.
1343 3550 1444 3599 Drusus
1454 3565 1516 3599 eon-

234 3640 278 3685 tus
294 3641 351 3685 erat
361 3636 459 3698 Druso,
477 3636 508 3684 cf.
520 3635 567 3685 Dio
577 3635 623 3699 55,
640 3635 669 3698 2,
687 3635 716 3686 5:
730 3633 813 3700 καίγε
822 3633 851 3685 αἱ
904 3635 946 3683 sul
969 3635 1021 3682 fuit
1046 3649 1068 3683 a.
1088 3632 1163 3698 74519
1181 3649 1241 3684 cum
1259 3634 1287 3684 T.
1306 3634 1428 3692 Quinctio
1446 3633 1517 3684 Cris-

233 3714 456 3783 ἀνοχαίὸεώτερον
465 3714 512 3783 τὴν
520 3715 597 3783 χάριν
606 3715 688 3769 αὐτοῦ
696 3717 848 3784 (Δρούσου),
903 3719 976 3781 pino,
995 3717 1038 3779 (ct.
1057 3718 1083 3768 G.
1101 3719 1119 3768 1.
1136 3720 1162 3768 L.
1182 3720 1214 3768 Vl
1233 3719 1281 3768 457
1301 3734 1330 3760 =
1351 3720 1421 3768 Dese.
1436 3734 1461 3767 n.
1475 3718 1515 3769 83.

232 3799 299 3866 πρὸς
325 3799 353 3851 τὸ
376 3798 407 3852 τὰ
432 3800 571 3868 νικητήρια
595 3802 623 3855 ἐν
639 3800 752 3859 ἐκείναις
769 3801 849 3854 αὐτὸν
903 3802 999 3852 Bullet
1018 3801 1118 3852 Comm.
1137 3802 1204 3852 1888
1222 3819 1245 3866 p.
1258 3802 1315 3853 232.
1335 3804 1435 3853 Notizie
1448 3805 1517 3868 degli

233 3884 369 3951 ἑορτάσαι,
386 3885 542 3952 γενήσεσθαι
560 3885 674 3953 ἔμελλον.
693 3885 749 3938 ἀλλ’
769 3885 849 3952 ὁμὲν
903 3886 1060 3937 8ουυ11897
1079 3905 1100 3951 p.
1119 3887 1176 3937 766.
1195 3887 1222 3938 C.
1241 3889 1259 3938 l.
1279 3889 1306 3937 L.
1326 3888 1435 3938 113166.
1456 3890 1516 3939 fasti

234 3969 417 4037 προαπώλετο.
903 3973 1069 4023 Praenestini
1087 3973 1118 4022 ad
1137 3988 1159 4022 κ.
1170 3974 1194 4022 d.
1208 3974 1244 4023 lll
1258 3973 1313 4022 Kal.
1326 3972 1424 4037 Febr.),
1441 3989 1516 4036 prae-

270 4059 630 4121 trinnrplmliaornamenta
647 4059 663 4108 i.
682 4072 703 4106 e.
721 4059 848 4108 includis
902 4062 944 4106 tor
970 4057 1076 4107 biennio
1102 4062 1164 4106 unte
1187 4062 1218 4106 ut
1240 4058 1362 4107 vidimus.
1389 4058 1517 4108 Nonnulli

233 4143 345 4206 publicis
378 4144 486 4206 gerendi
511 4157 635 4192 eoronam
661 4143 795 4206 lauream,
821 4148 848 4191 et
902 4147 1007 4205 tamen,
1026 4149 1056 4191 ut
1074 4142 1287 4206 Oudendorpius,
1306 4142 1338 4192 cb
1359 4143 1516 4193 vocabulum

235 4231 334 4276 restem
364 4227 569 4290 triumphalem,
600 4227 767 4290 ponendique
793 4232 848 4276 sta·
902 4226 1047 4288 confestim
1072 4231 1248 4289 putaverunt,
1280 4228 1396 4278 Drusum
1420 4244 1515 4279 secun-

233 4316 309 4360 tuam
327 4312 525 4375 triumphalem.
903 4313 966 4360 dum
992 4312 1064 4361 Suet.
1091 4327 1113 4361 a.
1139 4310 1230 4375 744116
1254 4318 1402 4375 praetorem
1427 4314 1515 4362 fuisse.

266 4396 385 4445 Primum
420 4397 485 4446 haee
523 4404 679 4448 ornamenta
711 4399 848 4461 Augustus
902 4397 961 4446 Non
980 4402 1064 4456 recte,
1082 4411 1144 4445 nam
1163 4401 1194 4444 ut
1211 4395 1267 4446 (lai.
1285 4396 1315 4446 i:
1339 4404 1516 4461 quaesturam

232 4480 335 4529 Tiberio
345 4481 454 4530 dederat
463 4497 486 4530 a.
500 4480 644 4546 741117,ο1.
659 4483 705 4532 Dio
718 4482 758 4546 54,
768 4482 808 4546 31,
818 4482 845 4531 4;
902 4483 1091 4545 quinquennio
1105 4487 1168 4530 onte
1184 4496 1268 4544 qnam
1281 4497 1332 4545 per
1348 4485 1416 4544 tepes
1426 4483 1517 4532 liceret

232 4561 248 4610 ὁ
269 4560 294 4612 δ’
313 4561 466 4627 Αὔγουστος
484 4562 535 4615 οὐκ
553 4562 696 4631 ἐπέτρεψεν
711 4563 846 4630 ἑορτάσαι,
902 4566 935 4628 (a.
950 4564 1071 4630 750171ε1
1079 4573 1211 4629 postcom
1221 4569 1390 4618 consulatum
1400 4564 1516 4629 (755117)

233 4644 278 4703 τὰς
296 4644 325 4699 δὲ
343 4644 418 4712 τιμὰς
434 4646 477 4705 τὰς
495 4646 639 4706 ἐπινικίους
652 4647 795 4711 ἀντέδωκε,
813 4653 846 4702 cf.
901 4653 997 4700 statim
1021 4652 1117 4714 pessit,
1147 4655 1244 4702 statim
1269 4652 1412 4716 significat:
1440 4667 1515 4715 prae·

234 4734 306 4785 Suet.
331 4734 385 4784 Tib.
410 4733 433 4784 9,
452 4735 554 4785 Drusus
571 4751 602 4786 ea
620 4738 732 4800 aceepit,
751 4742 782 4785 ut
799 4737 846 4785 Dio
901 4742 963 4786 tura
978 4752 1030 4785 non
1048 4738 1171 4799 functus3
1189 4737 1226 4786 sie
1243 4738 1386 4799 confestim
1399 4738 1515 4788 hocloco

233 4820 309 4869 docet
321 4834 344 4869 a.
358 4818 465 4883 743111,
481 4822 524 4870 sed
545 4821 626 4870 simul
645 4822 847 4886 minoratione,
901 4821 1112 4886 significationen
1135 4823 1227 4875 hahet:
1250 4823 1357 4872 biennio
1375 4838 1428 4872 non
1446 4824 1517 4877 inter
