3322 5512
917 377 973 438 150

90 564 130 639 O.
157 567 212 637 29.
305 564 432 637 sularis
457 565 523 638 viri
549 565 768 638 renuntiante
790 564 989 638 centurione
1006 567 1134 638 factum
1154 589 1232 639 esse
1250 566 1344 661 quod
1360 567 1586 663 imperasset,

302 698 448 784 negaret
473 689 659 786 quicquam
685 713 724 763 se
741 689 951 786 imperasse,
976 689 1084 764 nihilo
1101 690 1217 763 minus
1234 714 1306 764 rem
1325 692 1586 789 comprobaret,

304 815 555 889 affirmantibus
588 814 722 889 libertis
751 815 861 888 officio
885 814 1013 889 milites
1038 817 1192 908 functos,
1226 816 1319 912 quod
1344 816 1391 890 ad
1416 817 1585 891 ultionem

302 939 522 1036 imperatoris
564 941 654 1013 ultro
693 940 999 1036 procucurrissent.
1049 941 1142 1013 Nam
1179 941 1268 1014 illud
1306 965 1442 1016 omnem
1480 942 1584 1015 fidem

304 1065 494 1139 excesserit
531 1064 624 1161 quod
657 1064 805 1162 nuptiis,
843 1087 933 1160 quas
967 1066 1159 1139 Messalina
1192 1090 1271 1140 curn
1305 1067 1463 1141 adultero
1501 1067 1585 1142 Silio

303 1192 450 1283 fecerat,
483 1191 634 1264 tabellas
667 1190 758 1264 dotis
791 1199 826 1264 et
857 1189 933 1287 ipse
959 1190 1232 1286 consignaverit,
1267 1192 1448 1286 inductus,
1483 1193 1585 1288 quasi

305 1315 348 1389 de
373 1315 545 1389 industria
570 1315 817 1390 simularentur
842 1315 888 1389 ad
913 1315 1141 1389 avertendum
1158 1317 1510 1414 transferendumque
1527 1342 1585 1415 pe·

306 1441 471 1535 riculum,
496 1442 590 1536 quod
606 1441 786 1514 imminere
802 1441 869 1537 ipsi
887 1464 950 1537 per
966 1440 1140 1536 quaedam
1158 1450 1294 1516 ostenta
1310 1442 1584 1538 portenderetur.

352 1566 474 1639 XXX.
526 1565 727 1640 Auctoritas
761 1565 984 1661 dignitasque
1008 1568 1141 1639 formae
1165 1589 1234 1640 non
1260 1567 1370 1641 defuit
1395 1568 1452 1640 vel
1479 1568 1586 1642 stanti

307 1692 363 1764 vel
390 1690 524 1765 sedenti
550 1715 592 1765 ac
618 1691 804 1788 praecipue
830 1690 1040 1786 quiescenti3
1075 1690 1169 1789 (nam
1195 1701 1230 1766 et
1254 1692 1389 1788 prolixo
1414 1716 1479 1766 nec
1505 1693 1586 1766 exili

305 1838 449 1912 corpore
483 1824 575 1908 erat,
609 1825 643 1889 et
676 1815 792 1911 specie
827 1814 1022 1910 canitieque
1055 1816 1193 1912 pulcra,
1228 1816 1353 1914 opimis
1378 1817 1586 1918 cervicibus)

306 1950 460 2015 ceterum
494 1950 528 2015 et
560 1940 812 2037 ingredientem
843 1940 1080 2015 destituebant
1103 1941 1254 2038 poplites
1278 1941 1394 2015 minus
1418 1943 1527 2036 firmi,
1553 1951 1588 2016 et

344 2095 406 2154 Dio
434 2098 488 2170 60,
512 2097 586 2170 2,r
606 2120 647 2146 =
668 2095 780 2155 Snc'dns
801 2115 825 2155 0.
845 2114 871 2154 ο.
893 2094 1052 2164 Κλαύδιος.
1100 2093 1134 2158 τὸ
1174 2093 1205 2157 δὲ
1241 2093 1276 2167 ab
1313 2095 1402 2171 σῶμα
1445 2095 1587 2169 νοσώδης,

305 2199 379 2265 ὥστε
408 2201 460 2266 ani
487 2210 524 2282 τῇ
549 2208 675 2284 κεφαλῇ
698 2202 750 2266 nal
774 2209 843 2272 ταῖς
867 2200 971 2282 χερσὶν
995 2198 1184 2280 ὑποτρέμειν.
1209 2200 1261 2265 aa}
1286 2200 1335 2265 aa
1359 2207 1446 2267 τοῦτο
1469 2201 1522 2267 nai
1546 2203 1587 2282 τῷ

305 2310 470 2392 perannat
493 2309 683 2391 ἐσφάλλετο.
766 2334 770 2339 ·

348 2417 456 2476 Seneca
476 2418 593 2494 Apocol.
616 2421 651 2492 5,
675 2420 703 2477 2.
745 2417 908 2477 Nuntiatur
935 2416 999 2476 Iovi
1020 2416 1139 2476 venisse
1160 2416 1311 2494 quendam
1331 2450 1373 2458 -
1392 2416 1493 2476 nescio
1514 2417 1588 2494 quid

306 2525 393 2585 illum
423 2525 530 2585 minari
550 2559 591 2568 —
612 2525 733 2586 assidue
763 2525 844 2585 enim
870 2530 962 2602 caput
989 2541 1123 2598 movere,
1154 2523 1263 2600 pedem
1289 2524 1431 2583 dextrum
1460 2525 1588 2584 trahere.

306 2633 459 2710 quaesisse
487 2651 536 2707 se,
563 2632 651 2692 cuius
677 2632 806 2692 nationis
833 2637 929 2692 esset:
957 2630 1149 2709 respondisse
1179 2630 1283 2690 nescio
1311 2631 1385 2708 quid
1412 2632 1588 2708 perturbato

306 2758 377 2798 sono
401 2743 433 2798 et
452 2757 525 2800 voce
546 2740 683 2818 confusa;
712 2758 770 2799 non
790 2739 967 2815 intellegere
989 2756 1021 2798 se
1041 2738 1176 2814 linguam
1197 2737 1271 2798 eius.
1295 2737 1345 2815 (3).
1367 2742 1401 2796 ut
1421 2738 1498 2798 vidit
1518 2739 1589 2798 novi

306 2846 425 2923 generis
451 2847 574 2921 faciem,
605 2847 760 2907 insolitum
788 2847 956 2920 incessum,
983 2863 1086 2905 vocem
1114 2844 1229 2904 nullius
1257 2845 1408 2904 terrestris
1435 2845 1588 2920 animalis,

308 2955 362 3015 sed
383 2955 481 3032 qualis
502 2954 624 3014 marinis
645 2953 742 3014 beluis
763 2972 830 3014 esse
851 2954 940 3028 solet,
961 2971 1081 3012 raucam
1102 2958 1133 3012 et
1152 2951 1340 3030 implicitam.

350 3061 459 3121 Seneca
480 3062 498 3120 1.
520 3062 538 3121 1.
562 3065 596 3137 6,
619 3064 648 3122 2.
690 3060 944 3121 excandescit-
967 3061 1110 3121 Claudius
1131 3066 1162 3120 et
1183 3060 1301 3137 quando
1322 3064 1422 3136 potest
1435 3076 1589 3118 murmure

307 3169 454 3229 irascitur.
476 3169 549 3247 quid
571 3170 684 3230 diceret
703 3187 791 3229 nemo
811 3168 1012 3244 intellegebat.

308 3372 330 3421 si
347 3370 455 3420 omnino
472 3370 536 3434 quid
554 3370 729 3433 mutandum,
747 3370 845 3419 rectius
861 3374 919 3419 tex·
974 3373 1065 3418 tamen
1074 3368 1183 3417 stellula
1191 3368 1309 3431 apposita
1317 3368 1405 3416 locum
1413 3366 1462 3416 sibi
1469 3367 1589 3416 nondum

308 3462 367 3507 turn
385 3460 539 3519 corruptum
558 3453 673 3504 Senecae
691 3456 848 3519 correxeris,
873 3470 920 3505 000
975 3452 1336 3503 sanatnmvideriindicavit.
1354 3452 1589 3501 Memmianusha-

308 3541 374 3590 mihi
405 3553 535 3589 numerus
562 3553 642 3602 quern
670 3539 813 3590 Suetonius
839 3540 921 3590 tradit
974 3538 1020 3588 bet
1028 3545 1055 3588 et
1064 3544 1185 3588 veterum
1194 3538 1292 3600 stanti,
1311 3538 1355 3586 alii
1364 3537 1466 3587 codices
1475 3537 1541 3600 alia,
1556 3538 1589 3587 cl.

308 3627 407 3676 nimius
425 3639 482 3675 esse
500 3625 611 3674 videtur.
975 3623 1065 3672 Rothii
1082 3624 1163 3686 praef.
1182 3638 1205 3686 p.
1220 3623 1296 3672 XLV.
1313 3622 1412 3672 Locum
1427 3622 1508 3671 multi
1517 3622 1590 3670 varie

345 3711 456 3761 tabellas
472 3711 543 3760 dotis
557 3711 764 3772 consignaverit.
782 3710 814 3759 de
823 3709 922 3760 tabulis
975 3709 1117 3757 emendare
1135 3707 1222 3757 conati
1239 3712 1316 3772 sunt,
1334 3706 1463 3770 equibus
1481 3706 1590 3755 nomino

308 3798 376 3846 dotis
386 3797 419 3845 cl.
428 3795 511 3859 Marq.
522 3794 575 3844 Vit.
585 3792 665 3844 Priu²
675 3810 697 3858 p.
708 3792 804 3844 18112.
822 3794 922 3844 Auctor
975 3791 1147 3855 Oudendorp:
1165 3793 1189 3842 01
1207 3807 1301 3841 verum
1313 3794 1399 3842 stanti
1405 3807 1415 3851 ;
1432 3807 1455 3840 u.
1465 3793 1497 3840 01.
1506 3790 1590 3840 Polak

309 3897 390 3946 quern
413 3881 520 3930 Tacitus
537 3881 580 3930 hic
597 3881 721 3944 seqnitur
737 3881 786 3930 hoc
803 3880 921 3929 omisisse
975 3877 1028 3939 (1.1.
1038 3894 1061 3942 p.
1071 3874 1129 3940 37):
1147 3878 1171 3927 ei
1181 3879 1294 3942 quidem
1301 3878 1342 3927 001
1350 3878 1449 3940 stanti,
1467 3875 1591 3940 equibus

312 3967 428 4029 videtur,
447 3966 510 4029 qnia
528 3980 580 4014 non
598 3965 729 4014 credebat.
975 3964 1164 4014 correctionem
1188 3962 1366 4025 Oudendorpii
1389 3961 1513 4026 praefero.
1533 3961 1591 4010 Nisi

343 4049 922 4112 transferendum—portenderetur.marito
975 4063 990 4098 e
1017 4048 1169 4098 coniectura
1186 4053 1244 4097 orta
1261 4052 1314 4110 est,
1340 4047 1417 4097 lectio
1434 4047 1489 4096 cod.
1508 4045 1591 4096 Paris.

309 4136 467 4186 Messalinae
482 4140 595 4185 mortem
610 4135 710 4185 instare
719 4135 922 4199 nonnullispor-
976 4148 1046 4198 quae
1073 4133 1172 4182 bonum
1199 4147 1308 4182 sensum
1332 4131 1378 4180 dat
1402 4127 1463 4192 (nec
1488 4130 1590 4194 aliquid

308 4222 390 4271 tentis
408 4220 523 4284 praedici
540 4224 709 4283 putaverunt.
728 4221 814 4280 Quare
823 4220 921 4271 Messa·
976 4219 1067 4268 deesse
1101 4215 1177 4281 puto)
1208 4217 1348 4266 retinenda
1378 4215 1445 4266 mihi
1471 4215 1591 4279 videtur,

309 4308 364 4356 lina
390 4306 434 4355 alii
460 4306 612 4355 collocanda
637 4309 707 4367 erat,
740 4309 771 4354 ut
796 4305 824 4354 in
850 4304 923 4354 hunc
976 4317 1142 4368 quamquam
1159 4303 1192 4351 iis
1207 4302 1253 4365 qui
1269 4299 1421 4350 auctoritati
1435 4298 1592 4348 Memmiani

309 4392 456 4456 pericnlum
474 4391 677 4452 transferretur,
699 4390 731 4439 cl.
749 4389 810 4438 Ner.
828 4387 874 4438 36:
892 4395 923 4437 nt
976 4389 1056 4438 etiam
1070 4388 1119 4436 hoc
1132 4386 1305 4435 tribuendum
1315 4388 1424 4448 putant,
1442 4381 1590 4432 utOuden·

310 4492 344 4526 ear
360 4474 923 4538 Βα11111100101101090111111011,0010010900
976 4473 1059 4536 dorpii
1090 4472 1215 4523 correctio
1246 4471 1275 4519 in
1303 4474 1406 4519 textum
1433 4468 1590 4532 recipiatur,

310 4561 377 4610 talin
389 4567 494 4612 ostenta
506 4559 923 4622 00011εαὶ100011111011100111010
976 4572 1029 4606 11011
1046 4557 1164 4605 01011010
1182 4554 1265 4603 habeo
1283 4555 1353 4619 quod
1371 4554 1559 4603 contradicam.

309 4653 392 4710 atquc
414 4662 431 4695 n
454 4653 536 4697 000101
560 4646 590 4695 10
607 4645 698 4708 capita
712 4658 859 4707 proceram
875 4643 922 4694 010-
1009 4641 1095 4704 specie
1128 4640 1280 4702 canitieque
1308 4639 1415 4702 pulcra.
1440 4638 1473 4687 cl.
1491 4636 1591 4688 Seneca

306 4732 414 4794 pellere.
717 4735 722 4746 '
975 4727 1079 4790 Apocol.
1098 4725 1121 4788 5,
1131 4724 1160 4774 2:
1177 4725 1281 4775 11001000
1295 4723 1432 4787 quendam
1442 4723 1591 4773 1101100010-

343 4817 385 4865 1101
408 4816 500 4864 stanti.
532 4815 583 4865 hoc
607 4812 734 4878 praebent
760 4813 815 4863 cod.
841 4813 922 4862 Paris.
977 4818 1067 4874 tnrce,
1086 4811 1151 4860 bene
1169 4824 1276 4860 canunt.

312 4898 379 4950 6116
388 4900 491 4949 01Μο11.
500 4897 523 4949 l.
532 4898 562 4963 2,
576 4898 727 4962 recepitque
736 4897 863 4960 Rothius,
875 4896 923 4960 qui
1009 4895 1191 4945 destituebant
1196 4894 1321 4957 poplites.
1330 4891 1458 4942 Claudius
1467 4892 1512 4942 diu
1519 4897 1590 4942 stare
