3322 5512
280 860 327 925 47,
345 860 375 922 7,
393 876 454 910 cum
472 862 527 911 cod.
547 865 577 910 ut
595 877 617 909 v.
631 861 663 910 cl.
681 860 832 910 Boissevaiu
851 874 893 908 me

281 947 370 995 docuit
393 941 499 1008 Σιλανῷ
524 945 661 1008 praebeat,
684 944 817 993 incertum
839 948 893 1007 est,

281 1036 373 1079 utrum
412 1027 553 1093 Σιλουανῴ
587 1029 756 1079 scribendum
791 1029 826 1079 sit
860 1044 894 1078 an

281 1110 406 1178 Σιλιανῷ,
424 1115 456 1163 04.
475 1113 573 1163 Vellll
586 1112 648 1176 446,
666 1112 702 1177 4),
715 1117 742 1163 01
752 1104 894 1177 'proconsul

280 1199 358 1249 Asiae
376 1200 428 1248 fuit
444 1196 488 1260 (cl.
507 1199 606 1248 Eckhel
623 1199 647 1248 d.
666 1213 692 1248 n.
702 1199 725 1248 Il
738 1197 796 1248 467.
812 1199 894 1250 Wad-

281 1284 390 1348 dington
417 1285 498 1333 lastes
529 1300 554 1332 n.
584 1282 636 1345 64).
668 1283 754 1333 lluius
777 1284 893 1348 elogium

281 1368 410 1417 habemus
428 1383 506 1431 prope
524 1367 606 1417 Tibur
618 1368 651 1418 ad
663 1372 771 1431 pontem
786 1368 895 1418 Anienis

281 1452 372 1516 (ponte
396 1450 513 1513 Lucano)
537 1455 593 1502 loco
617 1453 727 1516 antiquo
750 1458 813 1502 ante
837 1470 894 1503 rno-

281 1541 441 1586 numentum
455 1537 620 1587 Plautiorum
633 1543 782 1601 repertum,
795 1537 893 1589 (10.1.

282 1621 309 1671 L.
326 1622 384 1671 XIV
393 1620 460 1671 3666
475 1638 505 1665 =
522 1622 593 1672 Uess.
603 1637 628 1671 n.
638 1621 701 1672 921:
720 1623 756 1672 M.
767 1624 894 1674 Plautius

282 1705 317 1755 M.
342 1706 362 1767 7.
386 1705 419 1756 Α.
437 1722 464 1756 11.
481 1706 608 1757 Siluanus
631 1722 680 1757 cos.
703 1707 755 1757 VII
769 1709 812 1757 vir
828 1725 894 1772 cpu-

281 1787 405 1853 lon(um).
424 1791 452 1839 H
453 1792 495 1841 uic
503 1799 612 1842 10110101
623 1794 804 1857 triumphalia
812 1809 894 1843 ornn-

282 1881 374 1926 11101110
393 1877 509 1926 decreuit
531 1878 562 1927 ob
586 1892 628 1926 res
653 1879 683 1927 in
706 1877 807 1940 llyrico
831 1880 895 1930 benc

280 1967 376 2023 pectas.
399 1962 497 2011 Lartiu
522 1962 561 2012 Co
580 1963 694 2025 701001.
717 1963 750 2012 A.
768 1965 895 2014 Plautius

176 2093 177 2096 ,
207 2057 215 2063 ·
281 2046 317 2096 M.
337 2046 356 2108 7.
379 2045 546 2108 Urpulunius
564 2049 635 2097 cinit
651 2063 709 2097 0011
725 2047 772 2098 ΙΧ.

315 2131 402 2181 Mater
419 2129 519 2181 Silvani
536 2128 580 2193 (cf.
598 2132 771 2195 Nipp.·Andr.
789 2134 819 2183 ad
834 2134 894 2184 Tac.

281 2215 349 2264 Anu.
374 2214 407 2264 IV
431 2213 475 2275 22)
500 2216 646 2280 Urgulania
669 2224 709 2268 est
730 2223 793 2268 nota
810 2220 895 2268 amica

282 2300 369 2348 Liviae
387 2297 430 2361 (cl.
443 2299 502 2350 Tac.
516 2303 583 2351 Ann.
597 2302 620 2350 ll
632 2301 672 2351 34.
687 2303 720 2351 lV
732 2302 763 2352 74
778 2302 837 2367 sq).

315 2383 380 2447 filio.
423 2384 470 2434 filii
499 2384 598 2435 Silvani
624 2389 739 2438 consulis
770 2403 792 2438 a.
820 2385 894 2450 75777

281 2469 391 2519 fuerunt
416 2470 450 2519 M.
477 2469 598 2519 Plautius
625 2470 761 2536 Silvanus,
790 2478 895 2536 praetor

282 2553 400 2603 urbanus
418 2570 440 2604 a.
460 2552 551 2617 777774
568 2553 612 2613 (cf.
631 2556 692 2606 fasti
710 2557 818 2607 Arvales
833 2557 860 2607 0.
875 2559 893 2607 l.

239 2698 242 2704 ,
281 2638 308 2687 L.
336 2637 359 2687 1²
383 2637 396 2687 4
425 2654 448 2702 p.
476 2638 520 2688 71:
552 2639 588 2688 Μ.
615 2641 742 2690 Plautius
768 2641 894 2691 Siluanus

281 2721 427 2783 0141101100)
443 2738 477 2772 sc.
487 2727 606 2788 praetor,
621 2725 653 2774 cf.
661 2725 720 2775 Tac.
729 2726 797 2775 Ann.
807 2726 841 2775 IV
850 2724 894 2787 77)

281 2812 309 2856 01
332 2808 358 2857 P.
385 2807 506 2856 Plautius
532 2808 658 2873 Pulcher,
684 2811 731 2873 qui
757 2811 784 2859 in
810 2811 894 2874 elogio

281 2907 328 2941 suo
346 2889 385 2954 (U.
403 2891 423 2940 Ι.
442 2891 469 2940 L.
488 2891 547 2940 XIV
563 2889 630 2943 3667
649 2909 678 2936 =
698 2892 771 2944 Uess.
789 2909 815 2944 n.
832 2893 894 2956 964)

281 2977 448 3026 nominatur:
468 2977 646 3040 triumphalis
664 2978 737 3042 filius
752 2979 897 3041 oupurIII

280 3063 323 3110 cir
339 3077 364 3110 0.
377 3076 401 3110 a.
422 3076 447 3110 α.
466 3061 485 3123 7.
496 3061 515 3122 7.
526 3060 674 3125 1110000101)
686 3064 724 3114 Ti.
740 3063 813 3114 Caes.
823 3064 893 3127 Aup.

285 3146 308 3194 V
329 3147 445 3196 consulis
469 3144 584 3209 (784734)
604 3153 636 3197 tr.
652 3149 690 3210 pl.
707 3146 840 3211 pr(aetor)
858 3150 894 3198 cd

280 3228 453 3292 0010174010).
480 3230 538 3279 Filii
564 3230 664 3280 Silvani
689 3247 742 3281 non
765 3234 839 3282 fuere
863 3233 892 3282 A.

280 3315 402 3364 Plautius
423 3329 473 3365 cos,
497 3329 519 3364 a.
541 3312 645 3377 777779,
669 3321 696 3366 01
719 3317 748 3375 Q.
772 3318 894 3367 Plautius

280 3415 331 3449 cos
354 3415 377 3448 a.
402 3398 506 3465 789736,
528 3398 606 3464 (quos
629 3402 753 3464 equidem
777 3403 894 3465 suspicor

281 3483 348 3533 filios
365 3484 447 3534 fuisse
466 3482 507 3546 (A.
515 3484 538 3547 7)
557 3485 654 3534 Plautii
672 3487 799 3548 praetoris
817 3501 891 3549 pere·

281 3569 349 3632 grini
376 3585 398 3619 a.
426 3568 514 3633 75577,
538 3571 632 3620 cisast.
658 3570 716 3620 Arv.
742 3570 769 3621 G.
787 3572 806 3621 1.
824 3571 852 3620 L.
870 3569 893 3619 1²

281 3671 304 3717 p.
332 3654 388 3719 76),
426 3670 513 3719 neque
541 3654 596 3704 Tib.
624 3655 744 3705 Plautius
771 3655 894 3705 Silvanus

280 3739 416 3802 Aelianus,
438 3755 488 3789 cos
505 3736 597 3801 798745
615 3740 648 3789 cf.
667 3738 694 3789 G.
714 3724 731 3789 l.
751 3740 777 3789 L.
796 3741 819 3789 X
836 3739 893 3790 825.

280 3824 345 3886 Eph.
368 3824 450 3888 Epigr.
471 3823 487 3872 3
508 3840 531 3887 p.
553 3824 615 3888 764,
639 3826 661 3874 is
678 3827 750 3874 enim
768 3825 894 3888 patricius

280 3909 332 3958 fuit
349 3910 381 3958 ei.
400 3910 499 3958 Uessau
518 3909 545 3958 C.
561 3910 579 3959 I.
596 3909 623 3958 L.
641 3909 700 3958 xlv
718 3924 741 3971 p.
759 3907 822 3971 394,
841 3924 893 3972 quo

281 3993 379 4042 honore
402 3993 468 4043 filios
485 3994 601 4043 consulis
619 4008 641 4042 a.
660 3991 734 4056 75777
753 3993 894 4042 destitutos

281 4079 362 4127 fuisse
379 4094 410 4128 ex
428 4093 458 4127 eo
476 4084 549 4142 patet
563 4079 633 4142 quod
650 4077 770 4126 Plautius
781 4077 895 4125 Pulcher

259 4220 264 4229 ,
280 4165 419 4213 tribunatu
440 4165 550 4213 functus
568 4162 627 4222 est).

315 4249 414 4297 Horum
438 4249 550 4297 duorum
575 4247 673 4297 Silvani
697 4245 814 4295 filiorum
839 4247 892 4295 iam

280 4333 437 4396 videndum,
451 4338 542 4382 utrum
553 4333 689 4395 Augustus
699 4330 893 4394 significaverit.

281 4417 308 4465 P.
319 4417 439 4465 Plautius
447 4418 560 4466 Pulcher
568 4418 581 4465 f
582 4418 621 4465 uit
630 4422 754 4479 quaestor
763 4431 786 4465 a.
794 4413 894 4478 784734.

282 4502 368 4565 Nepos
385 4507 475 4551 autem
487 4502 661 4565 Urgulaniae,
676 4517 738 4550 cum
748 4501 804 4551 sine
814 4500 894 4549 dubio

281 4602 328 4636 suo
347 4586 374 4646 (i.
392 4602 414 4635 e.
432 4587 555 4636 vicesimo
568 4584 674 4650 quinto)
686 4600 755 4634 anno
768 4590 894 4648 quaestor

281 4673 367 4721 fuctus
391 4672 438 4734 sit,
463 4687 485 4720 a.
511 4669 585 4732 75976
609 4675 689 4718 natus
712 4674 759 4718 est.
784 4669 821 4718 De
845 4669 894 4718 hoc

279 4757 362 4819 igitur
378 4755 516 4819 Augustus
532 4756 646 4818 cogitare
659 4769 711 4803 non
725 4754 817 4817 potuit.
839 4755 893 4802 lta-

281 4855 333 4905 que
352 4845 434 4889 restat
451 4839 484 4889 M.
503 4839 624 4888 Plautius
641 4838 779 4903 Silvanus,
797 4854 893 4902 quem,

123 579 130 595 .
181 580 188 595 .
280 520 369 613 „filio
393 519 531 593 homine
556 519 622 592 sibi
644 518 738 591 affini
759 517 956 609 admoueri,
982 541 1025 590 ne
1051 516 1136 613 quid
1161 516 1267 591 faciat
1292 519 1387 613 quod
1410 518 1562 616 conspici

280 653 334 738 „et
379 642 528 717 derideri
574 642 692 740 possit.
738 642 904 738 Spectare
951 664 1031 715 eum
1076 641 1249 715 circenses
1288 666 1333 715 ex
1371 643 1565 738 pulvinari,

948 864 1039 923 utpote
1071 865 1220 923 praetorem
1250 876 1272 910 a.
1301 858 1406 925 777774,
1439 876 1462 910 a.
1488 858 1563 925 74777

948 949 1042 993 nutum
1072 959 1129 994 esse
1155 945 1188 994 ob
1214 960 1323 994 causam
1352 960 1432 1008 supra
1464 945 1563 994 dictam

949 1044 1030 1091 paene
1048 1035 1151 1079 certum
1170 1036 1222 1103 est.¹
1245 1031 1306 1080 Fuit
1324 1029 1426 1080 Claudii
1444 1031 1565 1095 aequalis

948 1109 1045 1174 (tribus
1069 1119 1175 1163 tantum
1200 1114 1276 1164 annis
1300 1115 1387 1164 minor
1411 1113 1503 1179 natus)
1522 1120 1564 1179 et,

949 1201 979 1245 ut
1010 1197 1082 1247 silius
1107 1199 1259 1261 septemviri
1285 1200 1418 1264 epulonis,
1448 1200 1565 1249 maxime

947 1281 1072 1346 44011000,
1090 1283 1137 1346 11114
1155 1282 1297 1333 Claudium
1315 1285 1435 1347 doceret,
1453 1286 1564 1349 quaein

948 1367 1034 1429 epulis
1063 1372 1135 1416 recte
1161 1370 1296 1418 struendis
1321 1370 1442 1418 facienda
1468 1375 1565 1420 esseut.

948 1451 1037 1500 Priore
1056 1467 1136 1501 uxore
1154 1452 1235 1502 Fabia
1244 1453 1412 1503 Numantina
1423 1450 1467 1516 (ad
1480 1470 1562 1518 quam

948 1540 1050 1599 spectat
1087 1536 1163 1587 inser.
1199 1536 1331 1586 Lunensis
1361 1537 1389 1586 C.
1422 1539 1440 1586 l.
1474 1539 1501 1587 L.
1527 1539 1563 1587 lll

948 1619 1014 1670 4367
1038 1637 1068 1665 =
1086 1622 1158 1672 Dess.
1176 1638 1202 1673 11.
1221 1620 1282 1684 935)
1306 1623 1460 1687 repudiata,
1488 1624 1565 1672 duxit

948 1707 1071 1756 Silvanus
1102 1706 1244 1770 Aproniam
1277 1707 1359 1757 filiam
1392 1706 1418 1756 L.
1452 1708 1561 1771 Apronii

948 1806 999 1840 cos.
1022 1792 1080 1840 suli.
1102 1807 1125 1840 a.
1149 1790 1236 1855 76478,
1258 1807 1340 1855 quam
1358 1807 1421 1840 oum
1436 1808 1459 1842 a.
1472 1790 1564 1855 777774

948 1875 976 1924 411
1002 1889 1124 1939 praeceps
1153 1876 1270 1940 iecisset,
1300 1877 1329 1926 in
1359 1879 1415 1940 ipsa
1439 1883 1565 1940 praetura

949 1974 1029 2008 venas
1053 1960 1179 2010 secandas
1202 1961 1324 2024 praebuit
1347 1960 1391 2023 (cf.
1416 1962 1476 2012 Tac.
1494 1962 1564 2013 Ann.

949 2044 983 2093 lV
1013 2043 1064 2106 22).
1092 2043 1217 2095 Ueterum
1248 2061 1278 2094 ex
1308 2047 1357 2095 hoc
1382 2047 1439 2095 loco
1465 2062 1564 2096 novum

948 2128 1096 2178 subsidium
1144 2130 1288 2193 accipimus
1334 2131 1365 2180 ad
1410 2132 1564 2181 solvendam

948 2213 1146 2276 quaestionem,
1156 2216 1262 2277 quando
1272 2216 1338 2266 haec
1346 2216 1461 2279 epistula
1467 2218 1565 2280 scripta

948 2297 997 2359 sit,
1022 2311 1085 2345 nam
1110 2312 1171 2346 cum
1196 2299 1334 2349 Silvanum
1353 2306 1442 2364 togam
1460 2302 1564 2351 virilem

948 2381 1001 2430 iam
1039 2382 1182 2444 sumpsisse
1221 2399 1327 2435 necesse
1365 2388 1412 2450 sit,
1449 2401 1565 2450 eamque

948 2466 1057 2515 demum
1081 2472 1187 2516 sextum
1205 2471 1246 2518 vel
1264 2471 1409 2533 septimum
1427 2472 1563 2521 decimum

948 2565 1049 2599 annum
1072 2552 1168 2601 aetatis
1191 2553 1327 2617 ingressus
1351 2552 1396 2617 (cf.
1420 2556 1505 2620 Marq.
1533 2556 1563 2605 V.

948 2635 1016 2686 Priv.
1041 2634 1064 2684 1²
1088 2652 1112 2699 p.
1141 2635 1191 2686 478
1215 2636 1266 2702 sq.)
1295 2655 1402 2691 sumere
1432 2641 1563 2704 potuerit,

948 2725 1021 2783 patet
1051 2722 1193 2784 epistulam
1220 2723 1345 2787 scriptam
1372 2740 1428 2775 esse
1454 2729 1513 2788 post
1539 2741 1563 2776 a.

949 2802 1039 2868 763746
1057 2807 1098 2855 vel
1115 2807 1198 2856 etiem
1217 2812 1275 2871 post
1292 2823 1314 2858 a.
1333 2807 1432 2872 764744.

982 2891 1092 2941 bomine
1104 2892 1157 2941 sibi
1168 2891 1259 2955 0714114.
1286 2907 1452 2956 quamquam
1471 2894 1565 2957 negari

948 2989 1001 3024 non
1017 2980 1116 3039 potest,
1138 2975 1262 3026 Claudios
1274 2977 1392 3027 Nerones
1409 2978 1565 3028 coniunctos

948 3060 1030 3109 luisse
1042 3076 1103 3109 eum
1117 3061 1228 3109 Plautiis
1241 3060 1354 3110 Silvanis
1367 3059 1495 3123 (prolecto
1510 3076 1563 3110 non

948 3158 994 3207 per
1018 3145 1207 3208 Urgulaniam,
1231 3159 1293 3193 cum
1316 3144 1423 3194 Tacitus
1440 3147 1458 3195 l.
1476 3146 1495 3194 l.
1513 3145 1563 3195 hoc

947 3243 1000 3277 non
1022 3226 1179 3291 omisisset),
1204 3229 1247 3278 hic
1265 3230 1337 3279 locus
1355 3235 1447 3279 tamen
1466 3231 1563 3280 melius

947 3313 984 3362 ita
997 3314 1168 3376 explicandus
1181 3329 1237 3364 esse
1251 3314 1368 3378 videtur,
1387 3319 1418 3363 ut
1430 3315 1564 3364 Plautiam

948 3398 1157 3461 Urgulanillam,
1171 3414 1286 3447 sororem
1295 3399 1330 3448 M.
1340 3399 1438 3448 Plautii
1448 3399 1559 3463 Silvani,

947 3497 977 3530 eo
1008 3489 1141 3546 ternpore,
1174 3499 1228 3546 quo
1252 3485 1367 3547 epistula
1391 3485 1488 3547 scripta
1513 3486 1562 3549 sit,
1620 3544 1623 3549 ,
1652 3522 1654 3528 .

947 3566 1057 3616 Claudio
1086 3568 1139 3616 iam
1166 3569 1286 3630 nupsisse
1313 3573 1362 3617 aut
1387 3571 1484 3618 saltem
1509 3569 1563 3618 iam

947 3652 1104 3714 desponsam
1130 3652 1212 3702 luisse
1239 3658 1364 3715 putemus
1391 3652 1434 3715 (cl.
1460 3670 1482 3703 0,
1505 3653 1564 3718 76),

948 3738 1017 3800 quod
1050 3742 1142 3785 tumen
1173 3742 1235 3787 ante
1266 3752 1368 3786 annum
1395 3737 1487 3802 763746
1506 3739 1563 3789 fieri

948 3823 990 3870 vix
1008 3822 1095 3884 potuit
1112 3819 1156 3883 (cf.
1175 3820 1256 3884 ibid).

980 3908 1099 3970 conspici
1123 3907 1138 3956 i.
1163 3922 1185 3956 e.
1212 3909 1302 3956 oculos
1322 3907 1465 3957 hominum
1489 3908 1564 3958 inse

948 3993 1053 4041 trahere
1077 3996 1108 4040 ut
1131 3991 1200 4040 inira
1222 3994 1404 4056 conspicietur
1425 3993 1458 4044 cf.
1476 3993 1565 4056 Nepos

948 4079 1001 4126 Att.
1026 4077 1055 4125 5:
1081 4082 1112 4125 ut
1129 4078 1160 4138 ip
1176 4085 1306 4127 1100110111
1321 4085 1431 4140 portem
1446 4080 1565 4142 conspici

946 4169 1043 4224 posset.
1061 4162 1129 4211 Male
1148 4163 1263 4210 llrallert
1283 4162 1401 4224 lleitriige
1418 4177 1464 4210 zur
1477 4163 1564 4212 Kritik

948 4247 1004 4296 Lat.
1028 4247 1088 4295 Aut.
1116 4247 1226 4306 (Aurich
1250 4244 1328 4307 4887)
1353 4246 1375 4294 ll
1401 4261 1424 4308 p.
1443 4245 1494 4295 400
1518 4262 1564 4310 pro

947 4332 1064 4393 conspici
1099 4331 1203 4393 corripi
1236 4330 1379 4393 legendum
1412 4344 1469 4379 esse
1500 4345 1563 4380 0011-

948 4417 1015 4479 suit,
1055 4417 1124 4478 quod
1157 4420 1227 4465 esset
1253 4414 1367 4479 Augusti
1394 4429 1447 4463 non
1474 4416 1564 4465 convi-

949 4501 1078 4548 vantium.

982 4600 1016 4634 ec
1036 4585 1187 4647 puluinari.
1223 4584 1361 4647 Augustus
1384 4584 1508 4648 pulvinar
1531 4587 1563 4635 ad

947 4669 1047 4718 circum
1076 4669 1223 4717 Maximum
1253 4667 1438 4718 aedificaverat
1460 4667 1563 4731 (04.Μο-

948 4769 1021 4802 num.
1040 4753 1136 4816 Aucyr.
1155 4752 1189 4801 IV
1207 4753 1234 4803 ll:
1257 4755 1388 4815 puluinar
1405 4755 1441 4803 ad
1458 4755 1562 4804 circum

947 4839 1123 4901 Macrinium),
1141 4853 1173 4887 ex
1191 4853 1244 4901 quo
1262 4854 1322 4887 cum
1341 4854 1421 4888 uxore
1434 4844 1462 4888 et
1473 4839 1564 4889 liberis
