3322 5512
857 319 874 372 8

56 543 63 567 ,
124 555 130 570 .
223 499 297 573 eius
332 486 394 594 per
419 497 682 593 municipiorum
708 496 990 592 coloniarumque
1017 497 1201 593 primores,
1237 497 1506 592 suscipientibus

222 624 334 698 obviis
347 623 539 697 scribarum
553 621 722 714 decuriis,
744 622 790 694 ad
805 622 925 706 urbem
939 621 1122 695 devectum
1142 623 1385 718 sepultumque
1403 621 1505 694 estin

221 771 342 844 campo
365 746 500 821 Martio.
527 745 691 820 Ceterum
714 746 887 820 exercitus
909 745 1131 820 honorarium
1145 746 1176 819 ei
1190 746 1362 820 tumulum
1377 745 1505 819 excita-

263 911 372 970 Seucco
397 910 482 968 Coris.
504 909 543 968 ud
563 909 652 968 More.
670 910 709 981 3,
732 912 754 966 l.
796 907 1085 983 Accedebat-ingens
1100 908 1211 968 civium
1225 908 1505 985 provinciarumque

220 1023 252 1077 et
271 1016 364 1076 totius
384 1015 489 1075 Italiae
510 1013 707 1088 desiderium,
729 1032 783 1090 per
802 1032 891 1090 quam
913 1013 1017 1073 effusis
1037 1013 1069 1072 in
1090 1014 1220 1074 officium
1236 1015 1364 1090 lugubre
1379 1014 1504 1073 munici-

221 1122 280 1199 piis
295 1121 477 1198 coloniisque
492 1121 634 1199 usquein
648 1122 751 1180 urbem
766 1121 890 1180 ductum
904 1126 968 1180 erat
981 1121 1072 1180 funus
1086 1121 1238 1198 triumpho
1254 1121 1450 1181 simillimum.
1465 1157 1504 1164 -—

222 1231 249 1288 2.
282 1228 389 1306 (Livia)
420 1228 508 1304 longo
538 1227 645 1288 itinere
678 1227 819 1305 reliquias
850 1227 942 1286 Drusi
974 1227 1019 1286 sui
1048 1233 1206 1304 prosecute
1234 1234 1278 1287 tot
1307 1246 1360 1305 per
1388 1246 1505 1288 omnem

222 1335 340 1394 ltaliam
361 1334 534 1395 ardentibus
554 1334 644 1410 regie.

267 1416 380 1501 Consol.
403 1442 442 1501 od
460 1441 525 1500 Isia.
547 1461 571 1500 υ.
593 1443 660 1500 173.
702 1441 818 1500 Funera
846 1441 998 1501 ducuntur
1025 1441 1157 1499 Romana
1184 1459 1237 1517 per
1268 1441 1377 1517 oppida
1404 1441 1503 1500 Drusi.

262 1550 322 1608 Dio
346 1552 388 1607 55
397 1593 403 1623 ,
428 1551 464 1623 2,
488 1550 516 1607 3.
559 1547 610 1611 axi
624 1547 636 1610 i
650 1546 706 1623 μὲν
720 1544 750 1617 ἔς
762 1571 796 1610 πε
809 1547 842 1610 τὸ
856 1548 977 1626 ’Ἄρειον
992 1546 1093 1610 πεδίον
1109 1546 1166 1610 ὑπὸ
1184 1551 1241 1609 τῶν
1255 1545 1381 1620 ἱππέων,
1401 1551 1457 1610 τῶν
1471 1572 1504 1611 τε

223 1658 253 1726 ἐς
276 1655 329 1728 τὴν
354 1654 479 1719 ἱπποὶδου
501 1654 632 1735 ἀκριβῶς
647 1653 812 1718 τελούντων
825 1654 876 1718 κυνὶ
890 1658 946 1717 τῶν
959 1655 993 1716 ἐκ
1005 1659 1056 1718 τοῦ
1070 1653 1265 1730 βουλευτικοῦ
1279 1653 1383 1729 γένους
1397 1652 1503 1724 ὄντων,

223 1760 361 1843 ἠνέχθη,
386 1760 552 1826 narrasse
578 1760 646 1840 πυρὶ
671 1759 770 1832 δοθεὶς
794 1762 823 1831 ἐς
847 1760 880 1824 τὸ
904 1767 956 1826 ποῦ
978 1761 1156 1837 Αὐγούστου
1174 1767 1318 1837 μνημεῖον
1336 1759 1503 1833 κκπεπέθν.

266 1870 380 1931 Consul.
404 1870 442 1929 ad
463 1870 527 1928 ln'o.
548 1889 573 1928 υ.
598 1871 647 1928 68.
689 1876 719 1929 01
740 1869 823 1946 cepit
843 1887 968 1944 generos
989 1869 1048 1927 iam
1069 1868 1153 1928 loeus
1177 1868 1229 1928 ille
1251 1869 1326 1928 duos
1346 1904 1385 1911 —
1406 1888 1431 1927 v.
1456 1871 1503 1928 71.

222 1978 336 2037 iactura
356 1976 518 2036 novissima
538 1976 637 2035 Drusi.
660 1995 685 2035 r.
708 1978 762 2036 74:
785 1976 855 2053 plus
875 1976 954 2034 iusto
976 1976 1035 2034 iam
1057 1976 1163 2034 domus
1184 1975 1235 2034 illa
1258 1981 1347 2052 patet.

262 2084 326 2143 Isia
346 2083 475 2143 Ferreoli.
498 2084 567 2141 142.
609 2082 891 2159 Corpus-Romam
920 2087 1108 2159 pervectum,
1137 2087 1168 2141 et
1189 2082 1220 2140 10
1242 2083 1358 2141 tumulo
1380 2082 1411 2140 C.
1434 2081 1504 2140 Iulii

223 2191 417 2251 reconditum.

261 2298 321 2357 Dio
345 2300 401 2372 55,
425 2300 460 2371 2,
484 2299 511 2355 3.
554 2296 606 2359 arri
630 2295 723 2373 πομοδς
746 2292 797 2359 axi
820 2294 933 2359 εἰκόνων
958 2294 1010 2357 axi
1035 2294 1146 2375 οὶψῖδος
1170 2295 1350 2375 κενοτοοφίου
1374 2319 1407 2358 τε
1432 2294 1504 2373 πρὸς

222 2403 303 2483 adrisi
328 2405 369 2482 τῷ
394 2402 482 2482 Ῥήνῳ
507 2402 623 2479 λαβών.

255 2611 384 2660 invidiose
410 2611 469 2661 Tae.
493 2613 529 2661 l.l.
554 2615 644 2660 narrat
668 2611 835 2674 Augustum,
891 2613 1025 2674 lecerunt,
1049 2612 1118 2674 quod
1144 2612 1206 2660 ordo
1231 2616 1356 2674 equester
1373 2611 1400 2659 in
1419 2617 1504 2658 morte

222 2702 252 2744 ut
265 2711 359 2757 eorpus
372 2696 449 2745 Drusi
459 2699 677 2760 prosequeretur,
693 2697 835 2757 asperrimo

223 2780 318 2829 hiemis
335 2779 456 2830 Ticinum
476 2794 561 2843 nsque
579 2794 746 2843 progressum
765 2795 836 2842 esse;

222 2865 320 2914 scimus
343 2865 414 2912 enim
439 2863 591 2926 Augustum
615 2878 676 2912 eum
702 2863 774 2912 Livia
792 2861 835 2925 (ef.

221 2948 277 2998 Val.
295 2948 362 2998 Max.
380 2949 429 2997 l.l.:
446 2953 588 3010 parentes,
605 2947 652 2996 Dio
671 2949 707 2997 l.l.
725 2946 785 2998 Sen.
804 2948 836 2996 ad

220 3034 299 3083 Marc.
329 3031 383 3096 33,
415 3047 484 3082 cons.
512 3032 543 3080 ad
570 3030 624 3080 Lir.
647 3047 667 3080 v.
685 3029 746 3093 131)
774 3036 836 3081 ante

221 3122 335 3166 mortem
354 3117 432 3166 Drusi
449 3116 532 3166 Ticini
551 3117 660 3180 degisse.

253 3202 470 3264 municipiorum
497 3202 727 3265 coloniarumque.
769 3218 836 3266 quas

221 3287 300 3337 urbes
325 3288 372 3337 Dio
397 3289 432 3337 l.l.
456 3302 548 3337 omnes
567 3283 687 3347 ,rro'iar’³
708 3288 835 3337 nominat.

220 3372 367 3436 Distinguit
395 3379 486 3421 tamen
511 3371 583 3423 Suet.
610 3370 653 3434 (ut
677 3371 743 3435 Aug.
766 3370 835 3432 100).

221 3456 358 3519 Municipii
376 3456 425 3506 hac
442 3461 529 3506 aetate
547 3472 643 3506 nomen
660 3455 836 3506 honorificen-

220 3541 274 3590 tius
291 3545 332 3591 est
345 3556 426 3605 quam
439 3542 570 3604 coloniae,
587 3542 687 3592 indicat
695 3542 767 3591 enim
777 3541 836 3590 illas

221 3626 300 3675 urbes
319 3630 398 3676 antea
413 3627 534 3676 civitates
545 3627 640 3676 liberas
654 3626 748 3688 inisse3
765 3627 835 3676 eolo-

221 3711 280 3760 niae
298 3716 390 3760 eontra
408 3727 439 3761 ea
457 3713 623 3775 appellantur
641 3713 748 3776 oppida,
767 3727 835 3775 qnae

220 3811 236 3844 a
266 3797 392 3847 Romanis
426 3798 546 3846 conditae
581 3812 730 3860 numquam
757 3802 836 3846 antea

220 3873 340 3930 ciuitates
364 3881 463 3930 liberae
486 3883 599 3931 fuerant.
623 3879 667 3944 (cs.
687 3882 835 3931 Mommsen

220 3964 280 4014 StR.
300 3965 336 4014 lll
355 3964 404 4014 795
421 3963 472 4029 sq.)

251 4051 397 4112 primores.
422 4051 576 4100 decuriones
594 4051 789 4114 intelleguntur
807 4056 836 4100 ut

220 4150 265 4184 eos
283 4136 397 4198 appellat
415 4134 486 4184 Suet.
506 4134 572 4198 Aug.
591 4133 648 4184 100.

153 4223 156 4228 “
252 4220 338 4270 obviis
356 4221 433 4270 scrib.
454 4220 578 4269 decuriis.
614 4218 746 4282 Imprimis
764 4221 834 4283 cogi-

219 4303 331 4352 tandum
359 4309 399 4353 est
424 4304 455 4352 de
480 4319 534 4352 una
559 4304 664 4353 decuria
688 4304 833 4353 scribarum

219 4388 400 4437 aediliciorum
419 4394 446 4437 et
463 4389 495 4437 de
512 4388 597 4437 tribus
610 4388 721 4437 decuriis
736 4388 834 4437 scriba-

220 4488 280 4520 rum
299 4473 527 4535 qnaestoriorum,
546 4472 592 4535 qni
611 4488 638 4521 se
656 4488 718 4521 eum
737 4473 834 4535 equiti·

220 4558 270 4606 bus
293 4557 367 4607 Rom.
386 4557 550 4621 aequabant,
575 4556 665 4615 (multi
685 4572 774 4606 revera
793 4573 833 4620 eq.

221 4642 249 4691 R.
269 4643 393 4706 fuerunt,
412 4643 443 4691 ci.
462 4641 489 4691 C.
506 4643 523 4691 l.
540 4642 567 4690 L.
587 4641 620 4691 VI
632 4641 699 4693 1813
715 4659 745 4686 =
762 4643 833 4693 Dess.

220 4742 245 4776 n.
264 4725 388 4777 1888111
407 4725 473 4776 1850
492 4743 522 4770 =
541 4727 612 4777 Dess.
631 4726 833 4777 1118851886.

219 4809 296 4874 1893)
320 4818 347 4862 01
370 4827 442 4861 nnnc
464 4813 491 4861 in
516 4813 642 4864 honorem
667 4813 745 4867 Drusi
762 4814 833 4869 idem

890 2695 1012 2760 Augusti.
1035 2696 1079 2757 (ci.
1104 2695 1176 2745 Suet.
1202 2695 1267 2757 Aug.
1286 2693 1347 2744 100:
1369 2709 1452 2757 usquc
1469 2695 1504 2742 orl

890 2781 1009 2830 Bouillas
1025 2795 1210 2843 praegressus.

922 2866 1125 2930 Sepultnrrrque.
1153 2881 1248 2928 corpus
1273 2879 1288 2912 a
1312 2870 1367 2913 toto
1386 2865 1505 2927 equestri

890 2951 979 3000 ordine
1003 2949 1046 3010 (cf.
1071 2952 1118 3000 Dio
1140 2952 1155 3000 l.
1174 2949 1203 3012 1.)
1227 2951 1315 2998 afore
1333 2949 1361 2998 10
1379 2964 1504 3012 campum

889 3036 1014 3086 Martium
1041 3040 1267 3099 transportatum,
1293 3033 1328 3082 ibi
1355 3041 1503 3083 crematum

888 3125 941 3183 est,
960 3121 1115 3184 cineresque
1133 3121 1160 3168 10
1173 3119 1307 3168 Mausoleo
1320 3118 1420 3167 conditi
1432 3124 1503 3167 sunt.

888 3205 921 3254 ef.
940 3204 1015 3255 Cons.
1035 3206 1067 3254 ad
1086 3205 1139 3254 Lir.
1157 3203 1214 3253 101.

923 3292 952 3340 ia
969 3305 1064 3353 euripo
1081 3290 1190 3339 Martio.
1216 3289 1259 3338 ubi
1278 3289 1348 3337 inter
1359 3287 1429 3337 riam
1442 3288 1503 3336 Fla-

891 3375 1000 3424 miniani
1018 3381 1045 3424 et
1064 3375 1147 3437 ripam
1163 3374 1264 3423 Tiberis
1276 3373 1414 3436 Augustus
1427 3372 1503 3421 Mau-

890 3461 992 3508 solenm
1010 3463 1178 3508 exstruxerat
1195 3457 1238 3519 (ci.
1259 3457 1331 3507 Suet.
1347 3456 1413 3520 Aug.
1429 3455 1502 3519 1011);

890 3545 966 3593 euius
989 3544 1118 3607 reliquiae
1141 3543 1218 3591 lrodie
1235 3543 1409 3591 inveniuntur
1426 3558 1504 3605 prope

891 3629 973 3691 riam,
999 3629 1041 3677 cui
1065 3631 1110 3677 vio
1135 3630 1169 3678 de
1192 3628 1321 3691 Pontifici
1341 3644 1438 3677 nomen
1456 3634 1504 3678 est.

923 3714 1075 3764 Secundum
1109 3714 1240 3776 epitomae
1272 3717 1408 3762 auetorem
1437 3710 1503 3773 (liv.
1569 3739 1572 3747 ·

889 3799 945 3848 Per.
964 3796 1025 3859 lla)
1044 3799 1146 3847 Drusus
1163 3799 1283 3861 sepultus
1301 3803 1342 3846 est
1358 3799 1384 3846 in
1397 3799 1503 3848 tumulo

890 3882 916 3932 C.
935 3883 996 3932 Iulii
1014 3884 1030 3932 i.
1049 3898 1070 3932 e.
1090 3881 1208 3933 Caesaris
1225 3883 1367 3932 dictatoris.
1386 3881 1502 3932 010010-

890 3984 951 4017 men
970 3968 1016 4016 Dio
1036 3969 1052 4017 l.
1063 3969 1078 4016 l.
1093 3973 1119 4016 et
1131 3974 1223 4017 auctor
1234 3967 1336 4017 Gonsol.
1349 3969 1380 4038 ad
1395 3968 1449 4017 Liv.
1459 3970 1474 4017 l.
1487 3970 1503 4017 l.

889 4053 986 4101 diserte
996 4053 1084 4101 dicant
1091 4052 1324 4116 eorpusMausoleo
1331 4052 1437 4101 illatum
1447 4067 1503 4102 esse

889 4137 985 4200 etipse
1002 4137 1146 4187 Suetonius
1162 4153 1269 4201 quoque
1285 4139 1312 4187 in
1328 4153 1420 4201 canipe
1432 4138 1502 4187 Mar-

889 4224 925 4272 tio
937 4237 999 4271 eum
1014 4224 1149 4286 sepultum
1162 4237 1218 4271 esse
1228 4223 1328 4285 tradat,
1345 4228 1502 4285 certumque

889 4306 969 4355 etiam
977 4305 1164 4368 0110010011
1173 4304 1201 4355 Ο.
1211 4307 1357 4356 Hirschfeld
1365 4306 1502 4370 Sitzungs·

890 4391 941 4440 ber.
960 4392 984 4439 d.
1004 4392 1071 4440 Berl.
1091 4391 1168 4440 Acad.
1186 4390 1252 4440 1886
1271 4408 1292 4454 p.
1313 4389 1391 4453 1150)
1409 4397 1502 4440 tumu-

889 4476 944 4524 lum
978 4474 1004 4524 C.
1037 4474 1155 4524 Caesaris
1188 4475 1322 4525 dictatoris
1353 4477 1379 4525 in
1411 4493 1502 4539 rampo

888 4559 982 4608 Martio
997 4575 1050 4608 non
1066 4560 1160 4622 fuisso,
1179 4567 1355 4624 excerptorem
1372 4563 1502 4624 epitomae

889 4645 928 4693 rel
956 4646 1037 4708 ipsius
1062 4646 1192 4708 epitomae
1216 4650 1350 4695 auctorem
1376 4648 1503 4696 erravisse

889 4745 934 4792 pro
952 4735 1023 4778 certo
1042 4730 1132 4779 habe-J.

923 4815 1282 4868 lionororium-tamulum.
1326 4816 1362 4864 De
1403 4817 1502 4866 tumuli
