<?xml version="1.0" encoding="UTF-8"?>
<!DOCTYPE html PUBLIC "-//W3C//DTD XHTML 1.0 Transitional//EN"
    "http://www.w3.org/TR/xhtml1/DTD/xhtml1-transitional.dtd">
<html xmlns="http://www.w3.org/1999/xhtml" xml:lang="en" lang="en">
 <head>
  <title>
</title>
<meta http-equiv="Content-Type" content="text/html;charset=utf-8" />
  <meta name='ocr-system' content='tesseract 3.04.00' />
  <meta name='ocr-capabilities' content='ocr_page ocr_carea ocr_par ocr_line ocrx_word'/>
</head>
<body>
  <div class='ocr_page' id='page_1' title='image "./vitadiviclaudii00smilgoog_0199.png"; bbox 0 0 3322 5512; ppageno 0'>
   <div class='ocr_carea' id='block_1_1' title="bbox 781 349 837 411">
    <p class='ocr_par' dir='ltr' id='par_1_1' title="bbox 781 349 837 411">
     <span class='ocr_line' id='line_1_1' title="bbox 781 349 837 411; baseline 0 -1"><span class='ocrx_word' id='word_1_1' title='bbox 781 349 837 411; x_wconf 81' lang='lat'>175</span> 
     </span>
    </p>
   </div>
   <div class='ocr_carea' id='block_1_2' title="bbox 164 533 1451 883">
    <p class='ocr_par' dir='ltr' id='par_1_2' title="bbox 164 533 1451 883">
     <span class='ocr_line' id='line_1_2' title="bbox 212 533 1451 632; baseline -0.004 -20"><span class='ocrx_word' id='word_1_2' title='bbox 212 534 342 615; x_wconf 80' lang='lat' dir='ltr'>XLVI.</span> <span class='ocrx_word' id='word_1_3' title='bbox 394 533 587 632; x_wconf 77' lang='lat' dir='ltr'>Praesagia</span> <span class='ocrx_word' id='word_1_4' title='bbox 625 536 746 610; x_wconf 90' lang='lat' dir='ltr'>mortis</span> <span class='ocrx_word' id='word_1_5' title='bbox 784 536 860 608; x_wconf 91' lang='lat' dir='ltr'>eius</span> <span class='ocrx_word' id='word_1_6' title='bbox 894 535 1083 632; x_wconf 90' lang='lat' dir='ltr'>praecipua</span> <span class='ocrx_word' id='word_1_7' title='bbox 1117 533 1274 607; x_wconf 87' lang='lat' dir='ltr'>fuerunt:</span> <span class='ocrx_word' id='word_1_8' title='bbox 1309 542 1451 608; x_wconf 83' lang='lat' dir='ltr'>exortus</span> 
     </span>
     <span class='ocr_line' id='line_1_3' title="bbox 164 659 1450 762; baseline -0.005 -25"><span class='ocrx_word' id='word_1_9' title='bbox 164 664 307 738; x_wconf 79' lang='lat' dir='ltr'>crinitae</span> <span class='ocrx_word' id='word_1_10' title='bbox 341 664 482 754; x_wconf 83' lang='lat' dir='ltr'>stellae,</span> <span class='ocrx_word' id='word_1_11' title='bbox 521 661 640 762; x_wconf 77' lang='lat' dir='ltr'>[quam</span> <span class='ocrx_word' id='word_1_12' title='bbox 675 671 830 735; x_wconf 91' lang='lat' dir='ltr'>cometen</span> <span class='ocrx_word' id='word_1_13' title='bbox 867 659 1005 759; x_wconf 74' lang='lat' dir='ltr'>vocant]</span> <span class='ocrx_word' id='word_1_14' title='bbox 1040 670 1240 754; x_wconf 88' lang='lat' dir='ltr'>tactumque</span> <span class='ocrx_word' id='word_1_15' title='bbox 1275 659 1319 732; x_wconf 89' lang='lat' dir='ltr'>de</span> <span class='ocrx_word' id='word_1_16' title='bbox 1353 661 1450 733; x_wconf 91' lang='lat' dir='ltr'>caelo</span> 
     </span>
     <span class='ocr_line' id='line_1_4' title="bbox 164 784 1449 883; baseline -0.003 -23"><span class='ocrx_word' id='word_1_17' title='bbox 164 795 422 863; x_wconf 81' lang='lat' dir='ltr'>monumentum</span> <span class='ocrx_word' id='word_1_18' title='bbox 456 787 564 859; x_wconf 83' lang='lat' dir='ltr'>Drusi</span> <span class='ocrx_word' id='word_1_19' title='bbox 585 786 717 883; x_wconf 83' lang='lat' dir='ltr'>patris,</span> <span class='ocrx_word' id='word_1_20' title='bbox 753 796 787 859; x_wconf 91' lang='lat' dir='ltr'>et</span> <span class='ocrx_word' id='word_1_21' title='bbox 820 785 913 880; x_wconf 92' lang='lat' dir='ltr'>quod</span> <span class='ocrx_word' id='word_1_22' title='bbox 947 784 1070 859; x_wconf 88' lang='lat' dir='ltr'>eodem</span> <span class='ocrx_word' id='word_1_23' title='bbox 1105 807 1195 857; x_wconf 88' lang='lat' dir='ltr'>anno</span> <span class='ocrx_word' id='word_1_24' title='bbox 1226 807 1270 858; x_wconf 85' lang='lat' dir='ltr'>ex</span> <span class='ocrx_word' id='word_1_25' title='bbox 1297 784 1449 857; x_wconf 91' lang='lat' dir='ltr'>omnium</span> 
     </span>
    </p>
   </div>
   <div class='ocr_carea' id='block_1_3' title="bbox 165 973 1456 1675">
    <p class='ocr_par' dir='ltr' id='par_1_3' title="bbox 165 973 1456 1675">
     <span class='ocr_line' id='line_1_5' title="bbox 208 973 1447 1034; baseline -0.002 -1"><span class='ocrx_word' id='word_1_26' title='bbox 208 976 269 1034; x_wconf 78' lang='lat' dir='ltr'>Tac.</span> <span class='ocrx_word' id='word_1_27' title='bbox 292 978 371 1033; x_wconf 76' lang='lat' dir='ltr'>Aac.</span> <span class='ocrx_word' id='word_1_28' title='bbox 394 974 462 1033; x_wconf 87' lang='lat' dir='ltr'>XII</span> <span class='ocrx_word' id='word_1_29' title='bbox 480 977 527 1033; x_wconf 79' lang='grc'>64.</span> <span class='ocrx_word' id='word_1_30' title='bbox 570 974 608 1033; x_wconf 84' lang='grc' dir='ltr'>Μ.</span> <span class='ocrx_word' id='word_1_31' title='bbox 635 975 739 1034; x_wconf 86' lang='lat' dir='ltr'>Asinio</span> <span class='ocrx_word' id='word_1_32' title='bbox 760 974 800 1032; x_wconf 86' lang='grc' dir='ltr'>Μ’</span> <span class='ocrx_word' id='word_1_33' title='bbox 823 975 918 1032; x_wconf 81' lang='lat' dir='ltr'>Acilio</span> <span class='ocrx_word' id='word_1_34' title='bbox 939 974 1112 1033; x_wconf 89' lang='lat' dir='ltr'>consulibus</span> <span class='ocrx_word' id='word_1_35' title='bbox 1134 973 1327 1032; x_wconf 85' lang='lat' dir='ltr'>mutationem</span> <span class='ocrx_word' id='word_1_36' title='bbox 1349 991 1447 1031; x_wconf 92' lang='lat' dir='ltr'>rerum</span> 
     </span>
     <span class='ocr_line' id='line_1_6' title="bbox 165 1080 1453 1158; baseline -0.002 -18"><span class='ocrx_word' id='word_1_37' title='bbox 165 1083 196 1140; x_wconf 91' lang='lat' dir='ltr'>in</span> <span class='ocrx_word' id='word_1_38' title='bbox 227 1082 359 1140; x_wconf 86' lang='lat' dir='ltr'>deterius</span> <span class='ocrx_word' id='word_1_39' title='bbox 391 1082 528 1158; x_wconf 89' lang='lat' dir='ltr'>portendi</span> <span class='ocrx_word' id='word_1_40' title='bbox 560 1082 715 1157; x_wconf 84' lang='lat' dir='ltr'>cognitum</span> <span class='ocrx_word' id='word_1_41' title='bbox 745 1087 792 1140; x_wconf 92' lang='lat' dir='ltr'>est</span> <span class='ocrx_word' id='word_1_42' title='bbox 820 1081 933 1140; x_wconf 85' lang='lat' dir='ltr'>crebris</span> <span class='ocrx_word' id='word_1_43' title='bbox 961 1081 1114 1157; x_wconf 88' lang='lat' dir='ltr'>prodigiis.</span> <span class='ocrx_word' id='word_1_44' title='bbox 1146 1080 1237 1155; x_wconf 84' lang='lat' dir='ltr'>Signa</span> <span class='ocrx_word' id='word_1_45' title='bbox 1264 1098 1298 1138; x_wconf 87' lang='lat' dir='ltr'>ac</span> <span class='ocrx_word' id='word_1_46' title='bbox 1325 1080 1453 1138; x_wconf 87' lang='lat' dir='ltr'>tentoria</span> 
     </span>
     <span class='ocr_line' id='line_1_7' title="bbox 165 1177 1456 1264; baseline -0.002 -18"><span class='ocrx_word' id='word_1_47' title='bbox 165 1189 294 1247; x_wconf 92' lang='lat' dir='ltr'>militnm</span> <span class='ocrx_word' id='word_1_48' title='bbox 322 1189 391 1264; x_wconf 87' lang='lat' dir='ltr'>igne</span> <span class='ocrx_word' id='word_1_49' title='bbox 420 1189 543 1248; x_wconf 90' lang='lat' dir='ltr'>caelesti</span> <span class='ocrx_word' id='word_1_50' title='bbox 571 1206 687 1263; x_wconf 82' lang='lat' dir='ltr'>arsere3</span> <span class='ocrx_word' id='word_1_51' title='bbox 716 1188 870 1263; x_wconf 84' lang='lat' dir='ltr'>fastigium</span> <span class='ocrx_word' id='word_1_52' title='bbox 892 1188 1031 1263; x_wconf 77' lang='lat' dir='ltr'>Capitolii</span> <span class='ocrx_word' id='word_1_53' title='bbox 1052 1205 1180 1246; x_wconf 87' lang='lat' dir='ltr'>examen</span> <span class='ocrx_word' id='word_1_54' title='bbox 1201 1187 1303 1262; x_wconf 89' lang='lat' dir='ltr'>apium</span> <span class='ocrx_word' id='word_1_55' title='bbox 1324 1187 1436 1246; x_wconf 86' lang='lat' dir='ltr'>insedit</span> <span class='ocrx_word' id='word_1_56' title='bbox 1447 1177 1456 1262; x_wconf 50' lang='lat'>3¹</span> 
     </span>
     <span class='ocr_line' id='line_1_8' title="bbox 165 1294 1453 1372; baseline 0 -20"><span class='ocrx_word' id='word_1_57' title='bbox 165 1296 306 1354; x_wconf 82' lang='lat' dir='ltr'>biformes</span> <span class='ocrx_word' id='word_1_58' title='bbox 334 1295 488 1353; x_wconf 90' lang='lat' dir='ltr'>hominnm</span> <span class='ocrx_word' id='word_1_59' title='bbox 516 1301 620 1372; x_wconf 86' lang='lat' dir='ltr'>partus</span> <span class='ocrx_word' id='word_1_60' title='bbox 648 1302 679 1354; x_wconf 92' lang='lat' dir='ltr'>et</span> <span class='ocrx_word' id='word_1_61' title='bbox 707 1295 770 1354; x_wconf 87' lang='lat' dir='ltr'>suis</span> <span class='ocrx_word' id='word_1_62' title='bbox 790 1297 887 1354; x_wconf 83' lang='lat' dir='ltr'>fetum</span> <span class='ocrx_word' id='word_1_63' title='bbox 909 1295 1039 1368; x_wconf 89' lang='lat' dir='ltr'>editum,</span> <span class='ocrx_word' id='word_1_64' title='bbox 1067 1296 1116 1353; x_wconf 90' lang='lat' dir='ltr'>cui</span> <span class='ocrx_word' id='word_1_65' title='bbox 1138 1294 1316 1370; x_wconf 79' lang='lat' dir='ltr'>accipitrum</span> <span class='ocrx_word' id='word_1_66' title='bbox 1337 1312 1453 1369; x_wconf 86' lang='lat' dir='ltr'>ungues</span> 
     </span>
     <span class='ocr_line' id='line_1_9' title="bbox 167 1400 1453 1477; baseline -0.002 -16"><span class='ocrx_word' id='word_1_67' title='bbox 167 1404 309 1462; x_wconf 86' lang='lat' dir='ltr'>inessent.</span> <span class='ocrx_word' id='word_1_68' title='bbox 348 1403 567 1462; x_wconf 88' lang='lat' dir='ltr'>Numerabatur</span> <span class='ocrx_word' id='word_1_69' title='bbox 600 1403 679 1460; x_wconf 92' lang='lat' dir='ltr'>inter</span> <span class='ocrx_word' id='word_1_70' title='bbox 709 1408 825 1461; x_wconf 88' lang='lat' dir='ltr'>ostenta</span> <span class='ocrx_word' id='word_1_71' title='bbox 857 1403 1030 1462; x_wconf 87' lang='lat' dir='ltr'>deminutus</span> <span class='ocrx_word' id='word_1_72' title='bbox 1062 1402 1194 1460; x_wconf 92' lang='lat' dir='ltr'>omnium</span> <span class='ocrx_word' id='word_1_73' title='bbox 1225 1400 1453 1477; x_wconf 85' lang='lat' dir='ltr'>magistratuum</span> 
     </span>
     <span class='ocr_line' id='line_1_10' title="bbox 166 1507 1454 1586; baseline -0.002 -18"><span class='ocrx_word' id='word_1_74' title='bbox 166 1527 323 1582; x_wconf 84' lang='lat' dir='ltr'>numerus,</span> <span class='ocrx_word' id='word_1_75' title='bbox 351 1515 523 1586; x_wconf 85' lang='lat' dir='ltr'>quaestore,</span> <span class='ocrx_word' id='word_1_76' title='bbox 551 1509 655 1581; x_wconf 85' lang='lat' dir='ltr'>aedili,</span> <span class='ocrx_word' id='word_1_77' title='bbox 685 1509 805 1568; x_wconf 91' lang='lat' dir='ltr'>tribuno</span> <span class='ocrx_word' id='word_1_78' title='bbox 833 1529 867 1568; x_wconf 88' lang='lat' dir='ltr'>ae</span> <span class='ocrx_word' id='word_1_79' title='bbox 888 1516 1024 1585; x_wconf 90' lang='lat' dir='ltr'>praetore</span> <span class='ocrx_word' id='word_1_80' title='bbox 1046 1515 1076 1568; x_wconf 91' lang='lat' dir='ltr'>et</span> <span class='ocrx_word' id='word_1_81' title='bbox 1100 1508 1222 1568; x_wconf 89' lang='lat' dir='ltr'>consule</span> <span class='ocrx_word' id='word_1_82' title='bbox 1244 1525 1355 1583; x_wconf 91' lang='lat' dir='ltr'>paucos</span> <span class='ocrx_word' id='word_1_83' title='bbox 1375 1507 1454 1565; x_wconf 90' lang='lat' dir='ltr'>intra</span> 
     </span>
     <span class='ocr_line' id='line_1_11' title="bbox 167 1616 467 1675; baseline 0.003 -1"><span class='ocrx_word' id='word_1_84' title='bbox 167 1635 286 1675; x_wconf 88' lang='lat' dir='ltr'>menses</span> <span class='ocrx_word' id='word_1_85' title='bbox 308 1616 467 1675; x_wconf 85' lang='lat' dir='ltr'>defunctis.</span> 
     </span>
    </p>
   </div>
   <div class='ocr_carea' id='block_1_4' title="bbox 206 1719 1452 1804">
    <p class='ocr_par' dir='ltr' id='par_1_4' title="bbox 206 1719 1452 1804">
     <span class='ocr_line' id='line_1_12' title="bbox 206 1719 1452 1804; baseline 0.003 -24"><span class='ocrx_word' id='word_1_86' title='bbox 206 1723 267 1780; x_wconf 81' lang='lat' dir='ltr'>Dio</span> <span class='ocrx_word' id='word_1_87' title='bbox 290 1725 343 1796; x_wconf 85' lang='lat'>60,</span> <span class='ocrx_word' id='word_1_88' title='bbox 366 1724 421 1795; x_wconf 81' lang='lat'>35,</span> <span class='ocrx_word' id='word_1_89' title='bbox 445 1725 467 1780; x_wconf 89' lang='lat' dir='ltr'>l.</span> <span class='ocrx_word' id='word_1_90' title='bbox 511 1720 584 1785; x_wconf 79' lang='grc' dir='ltr'><em>οὕτω</em></span> <span class='ocrx_word' id='word_1_91' title='bbox 617 1722 672 1798; x_wconf 79' lang='grc' dir='ltr'>μὲν</span> <span class='ocrx_word' id='word_1_92' title='bbox 698 1723 710 1785; x_wconf 85' lang='grc' dir='ltr'><em>ὃ</em></span> <span class='ocrx_word' id='word_1_93' title='bbox 735 1723 885 1792; x_wconf 75' lang='grc' dir='ltr'><em>Κλαύδιος</em></span> <span class='ocrx_word' id='word_1_94' title='bbox 909 1725 1126 1804; x_wconf 73' lang='grc' dir='ltr'><em>μετήλλαξεν,</em></span> <span class='ocrx_word' id='word_1_95' title='bbox 1159 1723 1188 1791; x_wconf 83' lang='grc' dir='ltr'>ἐς</span> <span class='ocrx_word' id='word_1_96' title='bbox 1212 1721 1300 1784; x_wconf 75' lang='grc' dir='ltr'><em>τοῦτο’</em></span> <span class='ocrx_word' id='word_1_97' title='bbox 1323 1746 1356 1783; x_wconf 83' lang='grc' dir='ltr'>τε</span> <span class='ocrx_word' id='word_1_98' title='bbox 1381 1719 1398 1784; x_wconf 79' lang='grc' dir='ltr'><em>ὅ</em></span> <span class='ocrx_word' id='word_1_99' title='bbox 1418 1746 1452 1784; x_wconf 84' lang='grc' dir='ltr'>τε</span> 
     </span>
    </p>
   </div>
   <div class='ocr_carea' id='block_1_5' title="bbox 166 1824 1456 2866">
    <p class='ocr_par' dir='ltr' id='par_1_5' title="bbox 166 1824 1456 2336">
     <span class='ocr_line' id='line_1_13' title="bbox 167 1824 1456 1910; baseline 0 -21"><span class='ocrx_word' id='word_1_100' title='bbox 167 1828 262 1906; x_wconf 64' lang='lat' dir='ltr'>cirria</span> <span class='ocrx_word' id='word_1_101' title='bbox 295 1827 307 1889; x_wconf 78' lang='grc' dir='ltr'><em>ὁ</em></span> <span class='ocrx_word' id='word_1_102' title='bbox 339 1827 473 1902; x_wconf 76' lang='grc' dir='ltr'><em>νομητης</em></span> <span class='ocrx_word' id='word_1_103' title='bbox 507 1828 558 1891; x_wconf 73' lang='grc' dir='ltr'>ἐπὶ</span> <span class='ocrx_word' id='word_1_104' title='bbox 591 1834 735 1892; x_wconf 75' lang='grc' dir='ltr'><em>πλεῖστον</em></span> <span class='ocrx_word' id='word_1_105' title='bbox 765 1827 893 1910; x_wconf 71' lang='grc' dir='ltr'><em>ὀφθείς,</em></span> <span class='ocrx_word' id='word_1_106' title='bbox 925 1829 977 1892; x_wconf 72' lang='grc' dir='ltr'>καὶ</span> <span class='ocrx_word' id='word_1_107' title='bbox 1007 1830 1023 1902; x_wconf 78' lang='grc' dir='ltr'><strong><em>ἡ</em></strong></span> <span class='ocrx_word' id='word_1_108' title='bbox 1048 1828 1148 1906; x_wconf 59' lang='lat' dir='ltr'>prada</span> <span class='ocrx_word' id='word_1_109' title='bbox 1172 1829 1188 1900; x_wconf 79' lang='grc' dir='ltr'><em>η</em></span> <span class='ocrx_word' id='word_1_110' title='bbox 1213 1827 1406 1903; x_wconf 77' lang='grc' dir='ltr'><em>αἱματώδης,</em></span> <span class='ocrx_word' id='word_1_111' title='bbox 1440 1824 1456 1890; x_wconf 73' lang='grc' dir='ltr'><em>ὅ</em></span> 
     </span>
     <span class='ocr_line' id='line_1_14' title="bbox 167 1933 1451 2014; baseline 0.001 -17"><span class='ocrx_word' id='word_1_112' title='bbox 167 1959 201 1997; x_wconf 85' lang='grc' dir='ltr'>τε</span> <span class='ocrx_word' id='word_1_113' title='bbox 231 1933 365 2006; x_wconf 77' lang='grc' dir='ltr'><em>σαηττος</em></span> <span class='ocrx_word' id='word_1_114' title='bbox 398 1938 411 1996; x_wconf 77' lang='grc' dir='ltr'>ο’</span> <span class='ocrx_word' id='word_1_115' title='bbox 438 1935 468 2004; x_wconf 78' lang='grc' dir='ltr'>ἐς</span> <span class='ocrx_word' id='word_1_116' title='bbox 490 1933 532 1997; x_wconf 73' lang='grc' dir='ltr'>τοὶ</span> <span class='ocrx_word' id='word_1_117' title='bbox 556 1934 736 2014; x_wconf 56' lang='grc' dir='ltr'><em>δοροφορικοὶ</em></span> <span class='ocrx_word' id='word_1_118' title='bbox 761 1941 871 2012; x_wconf 80' lang='grc' dir='ltr'><em>σημεῖα</em></span> <span class='ocrx_word' id='word_1_119' title='bbox 896 1935 1052 2012; x_wconf 77' lang='grc' dir='ltr'><em>ἐμπεσών,</em></span> <span class='ocrx_word' id='word_1_120' title='bbox 1085 1934 1136 1997; x_wconf 76' lang='grc' dir='ltr'>καὶ</span> <span class='ocrx_word' id='word_1_121' title='bbox 1160 1936 1176 2007; x_wconf 75' lang='grc' dir='ltr'><em>ἦ</em></span> <span class='ocrx_word' id='word_1_122' title='bbox 1200 1934 1376 2009; x_wconf 77' lang='grc' dir='ltr'><em>αὐτόματος</em></span> <span class='ocrx_word' id='word_1_123' title='bbox 1401 1940 1451 1998; x_wconf 75' lang='grc' dir='ltr'>τοῦ</span> 
     </span>
     <span class='ocr_line' id='line_1_15' title="bbox 166 2039 1446 2123; baseline 0 -21"><span class='ocrx_word' id='word_1_124' title='bbox 166 2047 237 2105; x_wconf 80' lang='grc' dir='ltr'><em>ναοῦ</em></span> <span class='ocrx_word' id='word_1_125' title='bbox 267 2047 319 2104; x_wconf 77' lang='grc' dir='ltr'>τοῦ</span> <span class='ocrx_word' id='word_1_126' title='bbox 345 2039 415 2110; x_wconf 68' lang='grc' dir='ltr'><em>Διὸς</em></span> <span class='ocrx_word' id='word_1_127' title='bbox 439 2047 490 2105; x_wconf 76' lang='grc' dir='ltr'>τοῦ</span> <span class='ocrx_word' id='word_1_128' title='bbox 516 2041 644 2105; x_wconf 84' lang='grc' dir='ltr'><em>Νικαίον</em></span> <span class='ocrx_word' id='word_1_129' title='bbox 660 2040 789 2123; x_wconf 62' lang='grc' dir='ltr'><em>ἄνοιξις,</em></span> <span class='ocrx_word' id='word_1_130' title='bbox 822 2042 858 2106; x_wconf 79' lang='grc' dir='ltr'>τό</span> <span class='ocrx_word' id='word_1_131' title='bbox 881 2067 914 2106; x_wconf 82' lang='grc' dir='ltr'>τε</span> <span class='ocrx_word' id='word_1_132' title='bbox 940 2049 1050 2118; x_wconf 74' lang='grc' dir='ltr'><em>σμῆνος</em></span> <span class='ocrx_word' id='word_1_133' title='bbox 1074 2041 1107 2104; x_wconf 68' lang='grc' dir='ltr'>τὸ</span> <span class='ocrx_word' id='word_1_134' title='bbox 1132 2043 1161 2103; x_wconf 84' lang='grc' dir='ltr'>ἑν</span> <span class='ocrx_word' id='word_1_135' title='bbox 1186 2042 1227 2120; x_wconf 58' lang='grc' dir='ltr'>τῇ</span> <span class='ocrx_word' id='word_1_136' title='bbox 1251 2039 1446 2120; x_wconf 63' lang='grc' dir='ltr'><em>στρατοπέδῳ</em></span> 
     </span>
     <span class='ocr_line' id='line_1_16' title="bbox 167 2143 1450 2229; baseline -0.001 -19"><span class='ocrx_word' id='word_1_137' title='bbox 167 2146 358 2229; x_wconf 78' lang='grc' dir='ltr'><em>συστραφέν,</em></span> <span class='ocrx_word' id='word_1_138' title='bbox 384 2148 435 2210; x_wconf 74' lang='grc' dir='ltr'>καὶ</span> <span class='ocrx_word' id='word_1_139' title='bbox 460 2144 503 2211; x_wconf 71' lang='grc' dir='ltr'><em>ἔτι</em></span> <span class='ocrx_word' id='word_1_140' title='bbox 528 2148 716 2229; x_wconf 69' lang='grc' dir='ltr'><em>ἐξαπατῶν</em></span> <span class='ocrx_word' id='word_1_141' title='bbox 741 2153 797 2211; x_wconf 63' lang='grc' dir='ltr'>τῶν</span> <span class='ocrx_word' id='word_1_142' title='bbox 823 2150 926 2228; x_wconf 56' lang='grc' dir='ltr'><em>αρχοῖν</em></span> <span class='ocrx_word' id='word_1_143' title='bbox 951 2143 991 2218; x_wconf 78' lang='grc' dir='ltr'>εἷς</span> <span class='ocrx_word' id='word_1_144' title='bbox 1016 2149 1075 2228; x_wconf 55' lang='grc' dir='ltr'>αφ’</span> <span class='ocrx_word' id='word_1_145' title='bbox 1094 2147 1225 2220; x_wconf 58' lang='grc' dir='ltr'><em>ἑκάστης</em></span> <span class='ocrx_word' id='word_1_146' title='bbox 1245 2148 1450 2220; x_wconf 73' lang='grc' dir='ltr'><em>ἐτελεύτησεν,</em></span> 
     </span>
     <span class='ocr_line' id='line_1_17' title="bbox 168 2253 415 2336; baseline -0.004 -19"><span class='ocrx_word' id='word_1_147' title='bbox 168 2253 251 2336; x_wconf 76' lang='grc' dir='ltr'><em>ἔδοξε</em></span> <span class='ocrx_word' id='word_1_148' title='bbox 275 2262 415 2331; x_wconf 71' lang='grc' dir='ltr'><em>σημῆναι.</em></span> 
     </span>
    </p>

    <p class='ocr_par' dir='ltr' id='par_1_6' title="bbox 169 2360 1453 2866">
     <span class='ocr_line' id='line_1_18' title="bbox 208 2360 1453 2439; baseline -0.002 -18"><span class='ocrx_word' id='word_1_149' title='bbox 208 2363 286 2421; x_wconf 84' lang='lat' dir='ltr'>Plin.</span> <span class='ocrx_word' id='word_1_150' title='bbox 308 2362 344 2420; x_wconf 90' lang='lat' dir='ltr'>H.</span> <span class='ocrx_word' id='word_1_151' title='bbox 365 2362 404 2420; x_wconf 90' lang='lat' dir='ltr'>N.</span> <span class='ocrx_word' id='word_1_152' title='bbox 426 2362 462 2419; x_wconf 86' lang='lat' dir='ltr'>II</span> <span class='ocrx_word' id='word_1_153' title='bbox 479 2364 528 2420; x_wconf 82' lang='lat'>92.</span> <span class='ocrx_word' id='word_1_154' title='bbox 571 2362 631 2422; x_wconf 86' lang='lat' dir='ltr'>Sed</span> <span class='ocrx_word' id='word_1_155' title='bbox 652 2368 784 2422; x_wconf 89' lang='lat' dir='ltr'>cometes</span> <span class='ocrx_word' id='word_1_156' title='bbox 805 2381 968 2439; x_wconf 88' lang='lat' dir='ltr'>numquam</span> <span class='ocrx_word' id='word_1_157' title='bbox 989 2362 1019 2419; x_wconf 93' lang='lat' dir='ltr'>in</span> <span class='ocrx_word' id='word_1_158' title='bbox 1042 2379 1181 2420; x_wconf 88' lang='lat' dir='ltr'>occasura</span> <span class='ocrx_word' id='word_1_159' title='bbox 1202 2367 1286 2436; x_wconf 90' lang='lat' dir='ltr'>parte</span> <span class='ocrx_word' id='word_1_160' title='bbox 1302 2360 1376 2419; x_wconf 88' lang='lat' dir='ltr'>caeli</span> <span class='ocrx_word' id='word_1_161' title='bbox 1391 2365 1453 2434; x_wconf 86' lang='lat' dir='ltr'>est,</span> 
     </span>
     <span class='ocr_line' id='line_1_19' title="bbox 169 2466 1451 2546; baseline -0.002 -19"><span class='ocrx_word' id='word_1_162' title='bbox 169 2470 331 2528; x_wconf 82' lang='lat' dir='ltr'>terrificum</span> <span class='ocrx_word' id='word_1_163' title='bbox 363 2487 469 2544; x_wconf 89' lang='lat' dir='ltr'>magna</span> <span class='ocrx_word' id='word_1_164' title='bbox 499 2488 539 2529; x_wconf 86' lang='lat' dir='ltr'>ex</span> <span class='ocrx_word' id='word_1_165' title='bbox 569 2475 653 2544; x_wconf 88' lang='lat' dir='ltr'>parte</span> <span class='ocrx_word' id='word_1_166' title='bbox 684 2470 769 2529; x_wconf 90' lang='lat' dir='ltr'>sidus</span> <span class='ocrx_word' id='word_1_167' title='bbox 799 2475 889 2546; x_wconf 90' lang='lat' dir='ltr'>atque</span> <span class='ocrx_word' id='word_1_168' title='bbox 921 2487 978 2527; x_wconf 91' lang='lat' dir='ltr'>non</span> <span class='ocrx_word' id='word_1_169' title='bbox 1010 2469 1118 2527; x_wconf 89' lang='lat' dir='ltr'>leviter</span> <span class='ocrx_word' id='word_1_170' title='bbox 1149 2468 1279 2544; x_wconf 89' lang='lat' dir='ltr'>piatum,</span> <span class='ocrx_word' id='word_1_171' title='bbox 1308 2472 1342 2526; x_wconf 91' lang='lat' dir='ltr'>nt</span> <span class='ocrx_word' id='word_1_172' title='bbox 1369 2466 1451 2525; x_wconf 89' lang='lat' dir='ltr'>civili</span> 
     </span>
     <span class='ocr_line' id='line_1_20' title="bbox 170 2573 1451 2653; baseline -0.001 -21"><span class='ocrx_word' id='word_1_173' title='bbox 170 2580 250 2634; x_wconf 94' lang='lat' dir='ltr'>motu</span> <span class='ocrx_word' id='word_1_174' title='bbox 282 2573 404 2634; x_wconf 85' lang='lat' dir='ltr'>Octavio</span> <span class='ocrx_word' id='word_1_175' title='bbox 435 2577 572 2648; x_wconf 84' lang='lat' dir='ltr'>consule,</span> <span class='ocrx_word' id='word_1_176' title='bbox 603 2576 773 2653; x_wconf 88' lang='lat' dir='ltr'>iterumque</span> <span class='ocrx_word' id='word_1_177' title='bbox 804 2576 938 2653; x_wconf 85' lang='lat' dir='ltr'>Pompeii</span> <span class='ocrx_word' id='word_1_178' title='bbox 969 2584 1000 2634; x_wconf 88' lang='lat' dir='ltr'>et</span> <span class='ocrx_word' id='word_1_179' title='bbox 1022 2575 1157 2635; x_wconf 80' lang='lat' dir='ltr'>Caesaris</span> <span class='ocrx_word' id='word_1_180' title='bbox 1178 2576 1271 2647; x_wconf 85' lang='lat' dir='ltr'>bello,</span> <span class='ocrx_word' id='word_1_181' title='bbox 1299 2575 1330 2632; x_wconf 93' lang='lat' dir='ltr'>in</span> <span class='ocrx_word' id='word_1_182' title='bbox 1351 2579 1451 2632; x_wconf 91' lang='lat' dir='ltr'>nostro</span> 
     </span>
     <span class='ocr_line' id='line_1_21' title="bbox 172 2680 1452 2758; baseline 0 -21"><span class='ocrx_word' id='word_1_183' title='bbox 172 2699 240 2740; x_wconf 86' lang='lat' dir='ltr'>vero</span> <span class='ocrx_word' id='word_1_184' title='bbox 259 2700 332 2743; x_wconf 86' lang='lat' dir='ltr'>aevo</span> <span class='ocrx_word' id='word_1_185' title='bbox 352 2682 431 2740; x_wconf 87' lang='lat' dir='ltr'>eirca</span> <span class='ocrx_word' id='word_1_186' title='bbox 451 2682 622 2740; x_wconf 86' lang='lat' dir='ltr'>venifioinm</span> <span class='ocrx_word' id='word_1_187' title='bbox 643 2701 702 2758; x_wconf 92' lang='lat' dir='ltr'>quo</span> <span class='ocrx_word' id='word_1_188' title='bbox 725 2682 868 2741; x_wconf 79' lang='lat' dir='ltr'>Claudius</span> <span class='ocrx_word' id='word_1_189' title='bbox 890 2682 999 2741; x_wconf 80' lang='lat' dir='ltr'>Caesar</span> <span class='ocrx_word' id='word_1_190' title='bbox 1012 2682 1171 2758; x_wconf 89' lang='lat' dir='ltr'>imperium</span> <span class='ocrx_word' id='word_1_191' title='bbox 1187 2681 1308 2758; x_wconf 90' lang='lat' dir='ltr'>reliquit</span> <span class='ocrx_word' id='word_1_192' title='bbox 1323 2680 1452 2740; x_wconf 88' lang='lat' dir='ltr'>Domitio</span> 
     </span>
     <span class='ocr_line' id='line_1_22' title="bbox 172 2785 1235 2866; baseline -0.001 -21"><span class='ocrx_word' id='word_1_193' title='bbox 172 2785 277 2846; x_wconf 87' lang='lat' dir='ltr'>Neroni</span> <span class='ocrx_word' id='word_1_194' title='bbox 298 2807 333 2847; x_wconf 92' lang='lat' dir='ltr'>ae</span> <span class='ocrx_word' id='word_1_195' title='bbox 354 2788 462 2847; x_wconf 85' lang='lat' dir='ltr'>deinde</span> <span class='ocrx_word' id='word_1_196' title='bbox 483 2787 651 2864; x_wconf 89' lang='lat' dir='ltr'>principatu</span> <span class='ocrx_word' id='word_1_197' title='bbox 673 2789 738 2847; x_wconf 87' lang='lat' dir='ltr'>eius</span> <span class='ocrx_word' id='word_1_198' title='bbox 759 2789 913 2848; x_wconf 87' lang='lat' dir='ltr'>assiduum</span> <span class='ocrx_word' id='word_1_199' title='bbox 935 2808 1027 2866; x_wconf 91' lang='lat' dir='ltr'>prope</span> <span class='ocrx_word' id='word_1_200' title='bbox 1048 2808 1084 2848; x_wconf 88' lang='lat' dir='ltr'>ac</span> <span class='ocrx_word' id='word_1_201' title='bbox 1105 2806 1235 2847; x_wconf 85' lang='lat' dir='ltr'>saevum.</span> 
     </span>
    </p>
   </div>
   <div class='ocr_carea' id='block_1_6' title="bbox 169 3002 1452 3066">
    <p class='ocr_par' dir='ltr' id='par_1_7' title="bbox 169 3002 1452 3066">
     <span class='ocr_line' id='line_1_23' title="bbox 169 3002 1452 3066; baseline 0.001 -16"><span class='ocrx_word' id='word_1_202' title='bbox 169 3008 281 3064; x_wconf 75' lang='lat' dir='ltr'>ternaque</span> <span class='ocrx_word' id='word_1_203' title='bbox 302 3005 402 3065; x_wconf 79' lang='lat' dir='ltr'>recepit</span> <span class='ocrx_word' id='word_1_204' title='bbox 423 3018 488 3052; x_wconf 80' lang='lat' dir='ltr'>moa</span> <span class='ocrx_word' id='word_1_205' title='bbox 509 3018 558 3066; x_wconf 84' lang='lat' dir='ltr'>per</span> <span class='ocrx_word' id='word_1_206' title='bbox 579 3003 783 3066; x_wconf 82' lang='lat' dir='ltr'>Vespasianum.</span> <span class='ocrx_word' id='word_1_207' title='bbox 838 3006 884 3054; x_wconf 87' lang='lat' dir='ltr'>olio</span> <span class='ocrx_word' id='word_1_208' title='bbox 915 3002 1028 3066; x_wconf 87' lang='lat' dir='ltr'>b(onem)</span> <span class='ocrx_word' id='word_1_209' title='bbox 1059 3002 1189 3065; x_wconf 63' lang='lat' dir='ltr'>ormnem)</span> <span class='ocrx_word' id='word_1_210' title='bbox 1216 3004 1274 3052; x_wconf 90' lang='lat' dir='ltr'>divo</span> <span class='ocrx_word' id='word_1_211' title='bbox 1301 3002 1410 3052; x_wconf 84' lang='lat' dir='ltr'>Claudio</span> <span class='ocrx_word' id='word_1_212' title='bbox 1437 3018 1452 3051; x_wconf 88' lang='lat' dir='ltr'>a</span> 
     </span>
    </p>
   </div>
   <div class='ocr_carea' id='block_1_7' title="bbox 169 3087 787 4918">
    <p class='ocr_par' dir='ltr' id='par_1_8' title="bbox 169 3087 783 3740">
     <span class='ocr_line' id='line_1_24' title="bbox 170 3087 782 3150; baseline 0.007 -17"><span class='ocrx_word' id='word_1_213' title='bbox 170 3087 234 3136; x_wconf 85' lang='lat' dir='ltr'>lraee</span> <span class='ocrx_word' id='word_1_214' title='bbox 246 3087 325 3136; x_wconf 88' lang='lat' dir='ltr'>verba</span> <span class='ocrx_word' id='word_1_215' title='bbox 337 3089 372 3137; x_wconf 85' lang='lat' dir='ltr'>sic</span> <span class='ocrx_word' id='word_1_216' title='bbox 385 3088 455 3137; x_wconf 89' lang='lat' dir='ltr'>dieta</span> <span class='ocrx_word' id='word_1_217' title='bbox 469 3090 571 3137; x_wconf 88' lang='lat' dir='ltr'>nullam</span> <span class='ocrx_word' id='word_1_218' title='bbox 580 3089 782 3150; x_wconf 75' lang='lat' dir='ltr'>explicationem</span> 
     </span>
     <span class='ocr_line' id='line_1_25' title="bbox 169 3173 783 3235; baseline 0.005 -16"><span class='ocrx_word' id='word_1_219' title='bbox 169 3173 317 3221; x_wconf 83' lang='lat' dir='ltr'>admittunt</span> <span class='ocrx_word' id='word_1_220' title='bbox 341 3173 389 3220; x_wconf 86' lang='lat' dir='ltr'>nisi</span> <span class='ocrx_word' id='word_1_221' title='bbox 409 3174 489 3222; x_wconf 88' lang='lat' dir='ltr'>hanc:</span> <span class='ocrx_word' id='word_1_222' title='bbox 514 3173 583 3221; x_wconf 87' lang='lat' dir='ltr'>Nero</span> <span class='ocrx_word' id='word_1_223' title='bbox 601 3173 717 3235; x_wconf 87' lang='lat' dir='ltr'>primum</span> <span class='ocrx_word' id='word_1_224' title='bbox 735 3189 783 3222; x_wconf 90' lang='lat' dir='ltr'>suo</span> 
     </span>
     <span class='ocr_line' id='line_1_26' title="bbox 169 3255 783 3318; baseline 0.005 -15"><span class='ocrx_word' id='word_1_225' title='bbox 169 3258 288 3318; x_wconf 81' lang='lat' dir='ltr'>exemplo</span> <span class='ocrx_word' id='word_1_226' title='bbox 312 3257 399 3305; x_wconf 84' lang='lat' dir='ltr'>ellecit</span> <span class='ocrx_word' id='word_1_227' title='bbox 423 3272 456 3306; x_wconf 89' lang='lat' dir='ltr'>ne</span> <span class='ocrx_word' id='word_1_228' title='bbox 475 3257 551 3306; x_wconf 84' lang='lat' dir='ltr'>dirus</span> <span class='ocrx_word' id='word_1_229' title='bbox 568 3255 696 3306; x_wconf 82' lang='lat' dir='ltr'>Claudius</span> <span class='ocrx_word' id='word_1_230' title='bbox 713 3259 783 3306; x_wconf 88' lang='lat' dir='ltr'>cole-</span> 
     </span>
     <span class='ocr_line' id='line_1_27' title="bbox 170 3336 782 3405; baseline 0.005 -18"><span class='ocrx_word' id='word_1_231' title='bbox 170 3344 243 3388; x_wconf 86' lang='lat' dir='ltr'>retur</span> <span class='ocrx_word' id='word_1_232' title='bbox 266 3336 464 3402; x_wconf 79' lang='lat' dir='ltr'>(destilatam),</span> <span class='ocrx_word' id='word_1_233' title='bbox 488 3341 582 3389; x_wconf 86' lang='lat' dir='ltr'>deinde</span> <span class='ocrx_word' id='word_1_234' title='bbox 599 3341 679 3390; x_wconf 90' lang='lat' dir='ltr'>etiam</span> <span class='ocrx_word' id='word_1_235' title='bbox 698 3343 782 3405; x_wconf 86' lang='lat' dir='ltr'>ipsam</span> 
     </span>
     <span class='ocr_line' id='line_1_28' title="bbox 170 3424 783 3489; baseline 0.005 -18"><span class='ocrx_word' id='word_1_236' title='bbox 170 3424 393 3473; x_wconf 88' lang='lat' dir='ltr'>consecrationem</span> <span class='ocrx_word' id='word_1_237' title='bbox 412 3424 539 3486; x_wconf 70' lang='lat' dir='ltr'>abolevit,</span> <span class='ocrx_word' id='word_1_238' title='bbox 558 3427 657 3489; x_wconf 91' lang='lat' dir='ltr'>templo</span> <span class='ocrx_word' id='word_1_239' title='bbox 675 3440 783 3489; x_wconf 87' lang='lat' dir='ltr'>quoque</span> 
     </span>
     <span class='ocr_line' id='line_1_29' title="bbox 170 3506 783 3572; baseline 0.007 -18"><span class='ocrx_word' id='word_1_240' title='bbox 170 3506 201 3555; x_wconf 87' lang='lat' dir='ltr'>ab</span> <span class='ocrx_word' id='word_1_241' title='bbox 225 3506 368 3570; x_wconf 77' lang='lat' dir='ltr'>Agrippina</span> <span class='ocrx_word' id='word_1_242' title='bbox 391 3508 522 3558; x_wconf 82' lang='lat' dir='ltr'>aedificari</span> <span class='ocrx_word' id='word_1_243' title='bbox 546 3514 636 3572; x_wconf 87' lang='lat' dir='ltr'>coepto</span> <span class='ocrx_word' id='word_1_244' title='bbox 661 3510 783 3559; x_wconf 82' lang='lat' dir='ltr'>funditus</span> 
     </span>
     <span class='ocr_line' id='line_1_30' title="bbox 171 3589 783 3656; baseline 0.01 -19"><span class='ocrx_word' id='word_1_245' title='bbox 171 3591 303 3640; x_wconf 87' lang='lat' dir='ltr'>destructo</span> <span class='ocrx_word' id='word_1_246' title='bbox 336 3589 380 3653; x_wconf 84' lang='lat' dir='ltr'>(ef.</span> <span class='ocrx_word' id='word_1_247' title='bbox 409 3593 482 3642; x_wconf 73' lang='lat' dir='ltr'>Suet„</span> <span class='ocrx_word' id='word_1_248' title='bbox 509 3593 584 3655; x_wconf 82' lang='lat' dir='ltr'>Vesp.</span> <span class='ocrx_word' id='word_1_249' title='bbox 611 3591 634 3641; x_wconf 73' lang='lat' dir='ltr'>ll.</span> <span class='ocrx_word' id='word_1_250' title='bbox 660 3592 783 3656; x_wconf 87' lang='lat' dir='ltr'>(Seneca)</span> 
     </span>
     <span class='ocr_line' id='line_1_31' title="bbox 171 3673 440 3740; baseline 0.007 -18"><span class='ocrx_word' id='word_1_251' title='bbox 171 3673 277 3722; x_wconf 70' lang='lat' dir='ltr'>(latinia</span> <span class='ocrx_word' id='word_1_252' title='bbox 294 3673 343 3724; x_wconf 72' lang='lat'>248</span> <span class='ocrx_word' id='word_1_253' title='bbox 364 3673 440 3740; x_wconf 81' lang='lat' dir='ltr'>sqq).</span> 
     </span>
    </p>

    <p class='ocr_par' dir='ltr' id='par_1_9' title="bbox 170 3759 787 4918">
     <span class='ocr_line' id='line_1_32' title="bbox 181 3759 783 3826; baseline 0.01 -19"><span class='ocrx_word' id='word_1_254' title='bbox 181 3778 182 3782; x_wconf 46' lang='lat'>¹</span> <span class='ocrx_word' id='word_1_255' title='bbox 204 3759 275 3817; x_wconf 84' lang='lat' dir='ltr'>Quae</span> <span class='ocrx_word' id='word_1_256' title='bbox 293 3765 365 3808; x_wconf 85' lang='lat' dir='ltr'>recte</span> <span class='ocrx_word' id='word_1_257' title='bbox 382 3775 398 3808; x_wconf 89' lang='lat' dir='ltr'>a</span> <span class='ocrx_word' id='word_1_258' title='bbox 415 3761 542 3810; x_wconf 83' lang='lat' dir='ltr'>Suetonio</span> <span class='ocrx_word' id='word_1_259' title='bbox 560 3762 657 3810; x_wconf 85' lang='lat' dir='ltr'>tradita</span> <span class='ocrx_word' id='word_1_260' title='bbox 673 3773 729 3812; x_wconf 85' lang='lat' dir='ltr'>esse</span> <span class='ocrx_word' id='word_1_261' title='bbox 738 3778 783 3826; x_wconf 89' lang='lat' dir='ltr'>op·</span> 
     </span>
     <span class='ocr_line' id='line_1_33' title="bbox 172 3841 783 3908; baseline 0.008 -19"><span class='ocrx_word' id='word_1_262' title='bbox 172 3841 235 3890; x_wconf 91' lang='lat' dir='ltr'>time</span> <span class='ocrx_word' id='word_1_263' title='bbox 258 3843 407 3892; x_wconf 84' lang='lat' dir='ltr'>Hirschfeld</span> <span class='ocrx_word' id='word_1_264' title='bbox 432 3843 561 3908; x_wconf 82' lang='lat' dir='ltr'>(thting.</span> <span class='ocrx_word' id='word_1_265' title='bbox 585 3848 696 3908; x_wconf 86' lang='lat' dir='ltr'>gelelrrt.</span> <span class='ocrx_word' id='word_1_266' title='bbox 721 3847 783 3897; x_wconf 79' lang='lat' dir='ltr'>Ana.</span> 
     </span>
     <span class='ocr_line' id='line_1_34' title="bbox 171 3923 783 3991; baseline 0.01 -18"><span class='ocrx_word' id='word_1_267' title='bbox 171 3923 235 3973; x_wconf 82' lang='grc'>1873</span> <span class='ocrx_word' id='word_1_268' title='bbox 254 3942 277 3988; x_wconf 89' lang='lat' dir='ltr'>p.</span> <span class='ocrx_word' id='word_1_269' title='bbox 289 3926 337 3975; x_wconf 80' lang='grc'>717</span> <span class='ocrx_word' id='word_1_270' title='bbox 348 3925 397 3991; x_wconf 86' lang='lat' dir='ltr'>sq.)</span> <span class='ocrx_word' id='word_1_271' title='bbox 409 3936 500 3978; x_wconf 88' lang='lat' dir='ltr'>contra</span> <span class='ocrx_word' id='word_1_272' title='bbox 509 3928 668 3979; x_wconf 87' lang='lat' dir='ltr'>Sebillernm</span> <span class='ocrx_word' id='word_1_273' title='bbox 679 3929 783 3991; x_wconf 67' lang='lat' dir='ltr'>(Gescb.</span> 
     </span>
     <span class='ocr_line' id='line_1_35' title="bbox 171 4012 784 4076; baseline 0.007 -17"><span class='ocrx_word' id='word_1_274' title='bbox 171 4012 194 4059; x_wconf 88' lang='lat' dir='ltr'>d.</span> <span class='ocrx_word' id='word_1_275' title='bbox 212 4014 277 4062; x_wconf 83' lang='lat' dir='ltr'>rbm.</span> <span class='ocrx_word' id='word_1_276' title='bbox 297 4013 410 4062; x_wconf 87' lang='lat' dir='ltr'>Kaiserr.</span> <span class='ocrx_word' id='word_1_277' title='bbox 429 4030 454 4062; x_wconf 87' lang='lat' dir='ltr'>n.</span> <span class='ocrx_word' id='word_1_278' title='bbox 474 4015 542 4063; x_wconf 90' lang='lat' dir='ltr'>Nero</span> <span class='ocrx_word' id='word_1_279' title='bbox 561 4029 584 4076; x_wconf 91' lang='lat' dir='ltr'>p.</span> <span class='ocrx_word' id='word_1_280' title='bbox 601 4013 632 4062; x_wconf 77' lang='lat' dir='ltr'>nl</span> <span class='ocrx_word' id='word_1_281' title='bbox 653 4015 673 4063; x_wconf 90' lang='grc' dir='ltr'><strong>Α</strong></span> <span class='ocrx_word' id='word_1_282' title='bbox 692 4014 719 4075; x_wconf 89' lang='grc'>1)</span> <span class='ocrx_word' id='word_1_283' title='bbox 731 4017 784 4063; x_wconf 90' lang='lat' dir='ltr'>eol-</span> 
     </span>
     <span class='ocr_line' id='line_1_36' title="bbox 172 4097 784 4161; baseline 0.008 -18"><span class='ocrx_word' id='word_1_284' title='bbox 172 4097 235 4159; x_wconf 88' lang='lat' dir='ltr'>legit</span> <span class='ocrx_word' id='word_1_285' title='bbox 253 4112 283 4145; x_wconf 84' lang='lat' dir='ltr'>ex</span> <span class='ocrx_word' id='word_1_286' title='bbox 303 4099 360 4159; x_wconf 82' lang='lat' dir='ltr'>lege</span> <span class='ocrx_word' id='word_1_287' title='bbox 378 4098 410 4145; x_wconf 89' lang='lat' dir='ltr'>de</span> <span class='ocrx_word' id='word_1_288' title='bbox 428 4099 537 4159; x_wconf 91' lang='lat' dir='ltr'>imperio</span> <span class='ocrx_word' id='word_1_289' title='bbox 555 4098 720 4161; x_wconf 84' lang='lat' dir='ltr'>Vespasiani,</span> <span class='ocrx_word' id='word_1_290' title='bbox 740 4099 784 4148; x_wconf 76' lang='lat' dir='ltr'>nbi</span> 
     </span>
     <span class='ocr_line' id='line_1_37' title="bbox 171 4180 784 4246; baseline 0.007 -18"><span class='ocrx_word' id='word_1_291' title='bbox 171 4180 307 4243; x_wconf 79' lang='lat' dir='ltr'>Angustus</span> <span class='ocrx_word' id='word_1_292' title='bbox 320 4196 426 4243; x_wconf 87' lang='lat' dir='ltr'>semper</span> <span class='ocrx_word' id='word_1_293' title='bbox 437 4183 514 4231; x_wconf 79' lang='lat' dir='ltr'>divus</span> <span class='ocrx_word' id='word_1_294' title='bbox 528 4182 666 4244; x_wconf 67' lang='lat' dir='ltr'>Augustus</span> <span class='ocrx_word' id='word_1_295' title='bbox 680 4184 784 4246; x_wconf 90' lang='lat' dir='ltr'>audiat,</span> 
     </span>
     <span class='ocr_line' id='line_1_38' title="bbox 171 4263 786 4328; baseline 0.007 -16"><span class='ocrx_word' id='word_1_296' title='bbox 171 4263 296 4313; x_wconf 86' lang='lat' dir='ltr'>Claudius</span> <span class='ocrx_word' id='word_1_297' title='bbox 309 4280 369 4315; x_wconf 75' lang='lat' dir='ltr'>uero</span> <span class='ocrx_word' id='word_1_298' title='bbox 379 4281 484 4328; x_wconf 87' lang='lat' dir='ltr'>semper</span> <span class='ocrx_word' id='word_1_299' title='bbox 496 4266 533 4315; x_wconf 89' lang='lat' dir='ltr'>Ti.</span> <span class='ocrx_word' id='word_1_300' title='bbox 546 4266 675 4315; x_wconf 82' lang='lat' dir='ltr'>Claudias</span> <span class='ocrx_word' id='word_1_301' title='bbox 687 4266 786 4316; x_wconf 78' lang='lat' dir='ltr'>Caesar</span> 
     </span>
     <span class='ocr_line' id='line_1_39' title="bbox 170 4348 784 4409; baseline 0.007 -13"><span class='ocrx_word' id='word_1_302' title='bbox 170 4348 309 4409; x_wconf 70' lang='lat' dir='ltr'>Augustas</span> <span class='ocrx_word' id='word_1_303' title='bbox 345 4349 531 4398; x_wconf 85' lang='lat' dir='ltr'>Germanicas.</span> <span class='ocrx_word' id='word_1_304' title='bbox 572 4351 660 4399; x_wconf 86' lang='lat' dir='ltr'>Minus</span> <span class='ocrx_word' id='word_1_305' title='bbox 695 4357 784 4400; x_wconf 89' lang='lat' dir='ltr'>autem</span> 
     </span>
     <span class='ocr_line' id='line_1_40' title="bbox 171 4434 786 4497; baseline 0.008 -17"><span class='ocrx_word' id='word_1_306' title='bbox 171 4437 307 4496; x_wconf 76' lang='lat' dir='ltr'>accurate,</span> <span class='ocrx_word' id='word_1_307' title='bbox 326 4447 488 4497; x_wconf 87' lang='lat' dir='ltr'>quamquam</span> <span class='ocrx_word' id='word_1_308' title='bbox 508 4434 539 4482; x_wconf 89' lang='lat' dir='ltr'>de</span> <span class='ocrx_word' id='word_1_309' title='bbox 557 4450 701 4485; x_wconf 85' lang='lat' dir='ltr'>summare</span> <span class='ocrx_word' id='word_1_310' title='bbox 716 4442 786 4485; x_wconf 85' lang='lat' dir='ltr'>recte</span> 
     </span>
     <span class='ocr_line' id='line_1_41' title="bbox 170 4516 787 4583; baseline 0.008 -19"><span class='ocrx_word' id='word_1_311' title='bbox 170 4516 313 4566; x_wconf 79' lang='lat' dir='ltr'>Suetonius</span> <span class='ocrx_word' id='word_1_312' title='bbox 347 4519 457 4567; x_wconf 84' lang='lat' dir='ltr'>tradidit</span> <span class='ocrx_word' id='word_1_313' title='bbox 486 4519 611 4567; x_wconf 87' lang='lat' dir='ltr'>honorem</span> <span class='ocrx_word' id='word_1_314' title='bbox 637 4521 715 4569; x_wconf 92' lang='lat' dir='ltr'>illum</span> <span class='ocrx_word' id='word_1_315' title='bbox 742 4536 787 4583; x_wconf 89' lang='lat' dir='ltr'>per</span> 
     </span>
     <span class='ocr_line' id='line_1_42' title="bbox 171 4600 787 4663; baseline 0.01 -15"><span class='ocrx_word' id='word_1_316' title='bbox 171 4600 365 4663; x_wconf 85' lang='lat' dir='ltr'>Vespasianum</span> <span class='ocrx_word' id='word_1_317' title='bbox 384 4608 540 4651; x_wconf 76' lang='lat' dir='ltr'>renouatum</span> <span class='ocrx_word' id='word_1_318' title='bbox 559 4618 623 4652; x_wconf 84' lang='lat' dir='ltr'>esse.</span> <span class='ocrx_word' id='word_1_319' title='bbox 651 4605 717 4653; x_wconf 85' lang='lat' dir='ltr'>Nam</span> <span class='ocrx_word' id='word_1_320' title='bbox 737 4606 787 4654; x_wconf 88' lang='lat' dir='ltr'>sub</span> 
     </span>
     <span class='ocr_line' id='line_1_43' title="bbox 171 4683 785 4749; baseline 0.008 -17"><span class='ocrx_word' id='word_1_321' title='bbox 171 4684 254 4734; x_wconf 88' lang='lat' dir='ltr'>Galba</span> <span class='ocrx_word' id='word_1_322' title='bbox 271 4683 313 4747; x_wconf 84' lang='lat' dir='ltr'>(ef.</span> <span class='ocrx_word' id='word_1_323' title='bbox 334 4687 389 4736; x_wconf 81' lang='lat' dir='ltr'>Act.</span> <span class='ocrx_word' id='word_1_324' title='bbox 408 4688 438 4735; x_wconf 84' lang='lat' dir='ltr'>fr.</span> <span class='ocrx_word' id='word_1_325' title='bbox 457 4686 518 4735; x_wconf 85' lang='lat' dir='ltr'>Aru.</span> <span class='ocrx_word' id='word_1_326' title='bbox 537 4685 562 4736; x_wconf 82' lang='lat' dir='ltr'>C.</span> <span class='ocrx_word' id='word_1_327' title='bbox 584 4688 601 4736; x_wconf 90' lang='lat' dir='ltr'>l.</span> <span class='ocrx_word' id='word_1_328' title='bbox 620 4687 785 4749; x_wconf 65' lang='grc'>1,.1119051)</span> 
     </span>
     <span class='ocr_line' id='line_1_44' title="bbox 171 4769 786 4834; baseline 0.007 -17"><span class='ocrx_word' id='word_1_329' title='bbox 171 4775 198 4817; x_wconf 90' lang='lat' dir='ltr'>et</span> <span class='ocrx_word' id='word_1_330' title='bbox 221 4770 271 4818; x_wconf 90' lang='lat' dir='ltr'>sub</span> <span class='ocrx_word' id='word_1_331' title='bbox 295 4769 412 4832; x_wconf 86' lang='lat' dir='ltr'>Otlrone,</span> <span class='ocrx_word' id='word_1_332' title='bbox 436 4771 467 4819; x_wconf 85' lang='lat' dir='ltr'>ef.</span> <span class='ocrx_word' id='word_1_333' title='bbox 487 4769 668 4821; x_wconf 80' lang='lat' dir='ltr'>C.1.L.1.1.</span> <span class='ocrx_word' id='word_1_334' title='bbox 688 4770 731 4834; x_wconf 89' lang='lat' dir='ltr'>(ad</span> <span class='ocrx_word' id='word_1_335' title='bbox 750 4773 786 4821; x_wconf 92' lang='lat' dir='ltr'>lll</span> 
     </span>
     <span class='ocr_line' id='line_1_45' title="bbox 173 4855 786 4918; baseline 0.005 -16"><span class='ocrx_word' id='word_1_336' title='bbox 173 4855 201 4902; x_wconf 85' lang='lat' dir='ltr'>ll.</span> <span class='ocrx_word' id='word_1_337' title='bbox 221 4855 294 4904; x_wconf 83' lang='lat' dir='ltr'>Febr.</span> <span class='ocrx_word' id='word_1_338' title='bbox 313 4860 340 4904; x_wconf 90' lang='lat' dir='ltr'>et</span> <span class='ocrx_word' id='word_1_339' title='bbox 357 4871 393 4918; x_wconf 89' lang='lat' dir='ltr'>pr.</span> <span class='ocrx_word' id='word_1_340' title='bbox 408 4855 467 4903; x_wconf 88' lang='lat' dir='ltr'>idus</span> <span class='ocrx_word' id='word_1_341' title='bbox 480 4855 614 4914; x_wconf 65' lang='lat' dir='ltr'>Martiam:</span> <span class='ocrx_word' id='word_1_342' title='bbox 632 4858 693 4905; x_wconf 79' lang='lat' dir='ltr'>diuo</span> <span class='ocrx_word' id='word_1_343' title='bbox 706 4856 786 4905; x_wconf 85' lang='lat' dir='ltr'>Clau·</span> 
     </span>
    </p>
   </div>
   <div class='ocr_carea' id='block_1_8' title="bbox 837 3087 1455 4923">
    <p class='ocr_par' dir='ltr' id='par_1_10' title="bbox 837 3087 1455 4401">
     <span class='ocr_line' id='line_1_46' title="bbox 839 3087 1451 3146; baseline -0.005 -8"><span class='ocrx_word' id='word_1_344' title='bbox 839 3090 966 3138; x_wconf 85' lang='lat' dir='ltr'>fratribus</span> <span class='ocrx_word' id='word_1_345' title='bbox 1001 3089 1140 3138; x_wconf 81' lang='lat' dir='ltr'>Arvalibus</span> <span class='ocrx_word' id='word_1_346' title='bbox 1172 3087 1343 3138; x_wconf 84' lang='lat' dir='ltr'>sacrificatur.</span> <span class='ocrx_word' id='word_1_347' title='bbox 1378 3087 1451 3146; x_wconf 81' lang='lat' dir='ltr'>Quod</span> 
     </span>
     <span class='ocr_line' id='line_1_47' title="bbox 838 3171 1453 3236; baseline -0.005 -14"><span class='ocrx_word' id='word_1_348' title='bbox 838 3171 965 3222; x_wconf 87' lang='lat' dir='ltr'>Clamlins</span> <span class='ocrx_word' id='word_1_349' title='bbox 991 3174 1044 3221; x_wconf 82' lang='lat' dir='ltr'>illis</span> <span class='ocrx_word' id='word_1_350' title='bbox 1070 3172 1230 3236; x_wconf 85' lang='lat' dir='ltr'>principibus</span> <span class='ocrx_word' id='word_1_351' title='bbox 1253 3173 1340 3221; x_wconf 89' lang='lat' dir='ltr'>denuo</span> <span class='ocrx_word' id='word_1_352' title='bbox 1364 3172 1453 3221; x_wconf 90' lang='lat' dir='ltr'>cultus</span> 
     </span>
     <span class='ocr_line' id='line_1_48' title="bbox 838 3257 1452 3320; baseline -0.003 -14"><span class='ocrx_word' id='word_1_353' title='bbox 838 3263 891 3320; x_wconf 84' lang='lat' dir='ltr'>est,</span> <span class='ocrx_word' id='word_1_354' title='bbox 909 3258 934 3306; x_wconf 85' lang='lat' dir='ltr'>id</span> <span class='ocrx_word' id='word_1_355' title='bbox 952 3258 1009 3306; x_wconf 90' lang='lat' dir='ltr'>sine</span> <span class='ocrx_word' id='word_1_356' title='bbox 1027 3258 1107 3306; x_wconf 87' lang='lat' dir='ltr'>dnbio</span> <span class='ocrx_word' id='word_1_357' title='bbox 1124 3258 1225 3306; x_wconf 85' lang='lat' dir='ltr'>factum</span> <span class='ocrx_word' id='word_1_358' title='bbox 1243 3262 1284 3306; x_wconf 88' lang='lat' dir='ltr'>est</span> <span class='ocrx_word' id='word_1_359' title='bbox 1299 3257 1452 3305; x_wconf 86' lang='lat' dir='ltr'>rescissione</span> 
     </span>
     <span class='ocr_line' id='line_1_49' title="bbox 837 3341 1454 3405; baseline -0.002 -16"><span class='ocrx_word' id='word_1_360' title='bbox 837 3347 955 3390; x_wconf 85' lang='lat' dir='ltr'>aetorum</span> <span class='ocrx_word' id='word_1_361' title='bbox 971 3343 1095 3405; x_wconf 74' lang='lat' dir='ltr'>Neronis,</span> <span class='ocrx_word' id='word_1_362' title='bbox 1110 3343 1238 3391; x_wconf 88' lang='lat' dir='ltr'>memoria</span> <span class='ocrx_word' id='word_1_363' title='bbox 1250 3342 1308 3389; x_wconf 91' lang='lat' dir='ltr'>eius</span> <span class='ocrx_word' id='word_1_364' title='bbox 1321 3341 1454 3405; x_wconf 44' lang='lat' dir='ltr'>damnata·</span> 
     </span>
     <span class='ocr_line' id='line_1_50' title="bbox 837 3425 1448 3485; baseline -0.007 -10"><span class='ocrx_word' id='word_1_365' title='bbox 837 3426 921 3485; x_wconf 81' lang='lat' dir='ltr'>Quam</span> <span class='ocrx_word' id='word_1_366' title='bbox 955 3442 1009 3475; x_wconf 89' lang='lat' dir='ltr'>rem</span> <span class='ocrx_word' id='word_1_367' title='bbox 1043 3442 1085 3476; x_wconf 89' lang='lat' dir='ltr'>me</span> <span class='ocrx_word' id='word_1_368' title='bbox 1113 3427 1198 3475; x_wconf 85' lang='lat' dir='ltr'>iudice</span> <span class='ocrx_word' id='word_1_369' title='bbox 1222 3425 1367 3474; x_wconf 86' lang='lat' dir='ltr'>Suetonius</span> <span class='ocrx_word' id='word_1_370' title='bbox 1391 3425 1448 3472; x_wconf 89' lang='lat' dir='ltr'>ideo</span> 
     </span>
     <span class='ocr_line' id='line_1_51' title="bbox 837 3507 1452 3575; baseline -0.005 -16"><span class='ocrx_word' id='word_1_371' title='bbox 837 3512 939 3572; x_wconf 84' lang='lat' dir='ltr'>omisit,</span> <span class='ocrx_word' id='word_1_372' title='bbox 957 3512 1027 3575; x_wconf 88' lang='lat' dir='ltr'>quod</span> <span class='ocrx_word' id='word_1_373' title='bbox 1047 3513 1126 3560; x_wconf 90' lang='lat' dir='ltr'>etiam</span> <span class='ocrx_word' id='word_1_374' title='bbox 1146 3517 1205 3560; x_wconf 84' lang='lat' dir='ltr'>acta</span> <span class='ocrx_word' id='word_1_375' title='bbox 1218 3509 1316 3559; x_wconf 85' lang='lat' dir='ltr'>Galbae</span> <span class='ocrx_word' id='word_1_376' title='bbox 1329 3514 1355 3557; x_wconf 93' lang='lat' dir='ltr'>et</span> <span class='ocrx_word' id='word_1_377' title='bbox 1370 3507 1452 3558; x_wconf 88' lang='lat' dir='ltr'>Otlro-</span> 
     </span>
     <span class='ocr_line' id='line_1_52' title="bbox 839 3591 1452 3658; baseline -0.002 -15"><span class='ocrx_word' id='word_1_378' title='bbox 839 3597 879 3644; x_wconf 85' lang='lat' dir='ltr'>nis</span> <span class='ocrx_word' id='word_1_379' title='bbox 890 3610 906 3643; x_wconf 88' lang='lat' dir='ltr'>a</span> <span class='ocrx_word' id='word_1_380' title='bbox 918 3595 1077 3658; x_wconf 83' lang='lat' dir='ltr'>Vespasiano</span> <span class='ocrx_word' id='word_1_381' title='bbox 1091 3597 1199 3646; x_wconf 85' lang='lat' dir='ltr'>rescissa</span> <span class='ocrx_word' id='word_1_382' title='bbox 1212 3600 1275 3643; x_wconf 85' lang='lat' dir='ltr'>sunt</span> <span class='ocrx_word' id='word_1_383' title='bbox 1285 3591 1329 3655; x_wconf 83' lang='lat' dir='ltr'>(el.</span> <span class='ocrx_word' id='word_1_384' title='bbox 1339 3594 1452 3642; x_wconf 90' lang='lat' dir='ltr'>Momm-</span> 
     </span>
     <span class='ocr_line' id='line_1_53' title="bbox 837 3676 1453 3739; baseline -0.006 -11"><span class='ocrx_word' id='word_1_385' title='bbox 837 3694 883 3728; x_wconf 90' lang='lat' dir='ltr'>sen</span> <span class='ocrx_word' id='word_1_386' title='bbox 908 3679 968 3728; x_wconf 75' lang='lat' dir='ltr'>Sta.</span> <span class='ocrx_word' id='word_1_387' title='bbox 993 3677 1029 3726; x_wconf 70' lang='lat' dir='ltr'>lp</span> <span class='ocrx_word' id='word_1_388' title='bbox 1051 3676 1118 3727; x_wconf 84' lang='grc'>1130</span> <span class='ocrx_word' id='word_1_389' title='bbox 1142 3680 1161 3727; x_wconf 82' lang='grc' dir='ltr'>Α</span> <span class='ocrx_word' id='word_1_390' title='bbox 1180 3678 1193 3728; x_wconf 91' lang='grc'>1</span> <span class='ocrx_word' id='word_1_391' title='bbox 1215 3695 1244 3721; x_wconf 95' lang='lat'><strong><em>=</em></strong></span> <span class='ocrx_word' id='word_1_392' title='bbox 1264 3676 1298 3727; x_wconf 83' lang='lat'>[1²</span> <span class='ocrx_word' id='word_1_393' title='bbox 1316 3676 1402 3739; x_wconf 80' lang='grc'>1071),</span> <span class='ocrx_word' id='word_1_394' title='bbox 1420 3705 1453 3711; x_wconf 94' lang='grc'><strong>-</strong></span> 
     </span>
     <span class='ocr_line' id='line_1_54' title="bbox 838 3762 1453 3812; baseline 0.002 -2"><span class='ocrx_word' id='word_1_395' title='bbox 838 3762 904 3811; x_wconf 84' lang='lat' dir='ltr'>Cum</span> <span class='ocrx_word' id='word_1_396' title='bbox 919 3768 1009 3811; x_wconf 91' lang='lat' dir='ltr'>autem</span> <span class='ocrx_word' id='word_1_397' title='bbox 1020 3768 1128 3812; x_wconf 88' lang='lat' dir='ltr'>senatus</span> <span class='ocrx_word' id='word_1_398' title='bbox 1137 3765 1258 3811; x_wconf 84' lang='lat' dir='ltr'>corrsnlta</span> <span class='ocrx_word' id='word_1_399' title='bbox 1267 3764 1337 3811; x_wconf 82' lang='lat' dir='ltr'>farta</span> <span class='ocrx_word' id='word_1_400' title='bbox 1346 3768 1453 3811; x_wconf 85' lang='lat' dir='ltr'>auctore</span> 
     </span>
     <span class='ocr_line' id='line_1_55' title="bbox 838 3847 1455 3909; baseline 0 -15"><span class='ocrx_word' id='word_1_401' title='bbox 838 3861 869 3895; x_wconf 90' lang='lat' dir='ltr'>eo</span> <span class='ocrx_word' id='word_1_402' title='bbox 881 3847 1009 3909; x_wconf 84' lang='lat' dir='ltr'>principe,</span> <span class='ocrx_word' id='word_1_403' title='bbox 1022 3847 1099 3896; x_wconf 89' lang='lat' dir='ltr'>cuius</span> <span class='ocrx_word' id='word_1_404' title='bbox 1111 3852 1170 3895; x_wconf 86' lang='lat' dir='ltr'>aeta</span> <span class='ocrx_word' id='word_1_405' title='bbox 1183 3847 1383 3908; x_wconf 73' lang='lat' dir='ltr'>rescinduntur,</span> <span class='ocrx_word' id='word_1_406' title='bbox 1396 3861 1455 3908; x_wconf 88' lang='lat' dir='ltr'>pars</span> 
     </span>
     <span class='ocr_line' id='line_1_56' title="bbox 839 3930 1452 3990; baseline -0.002 -12"><span class='ocrx_word' id='word_1_407' title='bbox 839 3936 958 3979; x_wconf 88' lang='lat' dir='ltr'>actorum</span> <span class='ocrx_word' id='word_1_408' title='bbox 976 3931 1034 3979; x_wconf 90' lang='lat' dir='ltr'>eius</span> <span class='ocrx_word' id='word_1_409' title='bbox 1052 3946 1104 3979; x_wconf 89' lang='lat' dir='ltr'>non</span> <span class='ocrx_word' id='word_1_410' title='bbox 1122 3931 1176 3979; x_wconf 89' lang='lat' dir='ltr'>sint</span> <span class='ocrx_word' id='word_1_411' title='bbox 1193 3930 1237 3990; x_wconf 80' lang='lat' dir='ltr'>(cf.</span> <span class='ocrx_word' id='word_1_412' title='bbox 1251 3931 1399 3979; x_wconf 85' lang='lat' dir='ltr'>Mommsen</span> <span class='ocrx_word' id='word_1_413' title='bbox 1408 3932 1424 3978; x_wconf 88' lang='lat' dir='ltr'>l.</span> <span class='ocrx_word' id='word_1_414' title='bbox 1436 3932 1452 3978; x_wconf 91' lang='lat' dir='ltr'>l.</span> 
     </span>
     <span class='ocr_line' id='line_1_57' title="bbox 839 4011 1454 4077; baseline 0 -15"><span class='ocrx_word' id='word_1_415' title='bbox 839 4015 860 4062; x_wconf 87' lang='lat' dir='ltr'><strong>A</strong></span> <span class='ocrx_word' id='word_1_416' title='bbox 870 4011 905 4075; x_wconf 80' lang='lat'>3),</span> <span class='ocrx_word' id='word_1_417' title='bbox 915 4014 1092 4077; x_wconf 88' lang='lat' dir='ltr'>colligendum</span> <span class='ocrx_word' id='word_1_418' title='bbox 1104 4015 1169 4063; x_wconf 89' lang='lat' dir='ltr'>mihi</span> <span class='ocrx_word' id='word_1_419' title='bbox 1181 4014 1293 4077; x_wconf 69' lang='lat' dir='ltr'>ridetur,</span> <span class='ocrx_word' id='word_1_420' title='bbox 1302 4029 1355 4063; x_wconf 90' lang='lat' dir='ltr'>non</span> <span class='ocrx_word' id='word_1_421' title='bbox 1367 4015 1454 4076; x_wconf 88' lang='lat' dir='ltr'>ipsum</span> 
     </span>
     <span class='ocr_line' id='line_1_58' title="bbox 839 4098 1453 4162; baseline 0 -16"><span class='ocrx_word' id='word_1_422' title='bbox 839 4104 948 4147; x_wconf 87' lang='lat' dir='ltr'>senatus</span> <span class='ocrx_word' id='word_1_423' title='bbox 966 4100 1131 4159; x_wconf 71' lang='lat' dir='ltr'>consultum,</span> <span class='ocrx_word' id='word_1_424' title='bbox 1149 4115 1202 4162; x_wconf 91' lang='lat' dir='ltr'>quo</span> <span class='ocrx_word' id='word_1_425' title='bbox 1221 4098 1348 4148; x_wconf 82' lang='lat' dir='ltr'>Claudius</span> <span class='ocrx_word' id='word_1_426' title='bbox 1362 4113 1453 4148; x_wconf 86' lang='lat' dir='ltr'>conse·</span> 
     </span>
     <span class='ocr_line' id='line_1_59' title="bbox 840 4184 1454 4245; baseline 0 -13"><span class='ocrx_word' id='word_1_427' title='bbox 840 4189 929 4232; x_wconf 88' lang='lat' dir='ltr'>cratus</span> <span class='ocrx_word' id='word_1_428' title='bbox 946 4189 1028 4245; x_wconf 86' lang='lat' dir='ltr'>esset,</span> <span class='ocrx_word' id='word_1_429' title='bbox 1054 4184 1157 4232; x_wconf 87' lang='lat' dir='ltr'>Nerone</span> <span class='ocrx_word' id='word_1_430' title='bbox 1175 4190 1282 4233; x_wconf 86' lang='lat' dir='ltr'>auctore</span> <span class='ocrx_word' id='word_1_431' title='bbox 1300 4185 1454 4243; x_wconf 85' lang='lat' dir='ltr'>inductum,</span> 
     </span>
     <span class='ocr_line' id='line_1_60' title="bbox 840 4268 1454 4317; baseline 0 -1"><span class='ocrx_word' id='word_1_432' title='bbox 840 4269 884 4317; x_wconf 89' lang='lat' dir='ltr'>sed</span> <span class='ocrx_word' id='word_1_433' title='bbox 903 4270 1126 4317; x_wconf 87' lang='lat' dir='ltr'>consecrationem</span> <span class='ocrx_word' id='word_1_434' title='bbox 1143 4269 1330 4317; x_wconf 83' lang='lat' dir='ltr'>constitutione</span> <span class='ocrx_word' id='word_1_435' title='bbox 1343 4268 1454 4317; x_wconf 79' lang='lat' dir='ltr'>Neronis</span> 
     </span>
     <span class='ocr_line' id='line_1_61' title="bbox 840 4352 1048 4401; baseline 0.005 -1"><span class='ocrx_word' id='word_1_436' title='bbox 840 4352 965 4400; x_wconf 82' lang='lat' dir='ltr'>abolitam</span> <span class='ocrx_word' id='word_1_437' title='bbox 984 4367 1048 4401; x_wconf 89' lang='lat' dir='ltr'>esse.</span> 
     </span>
    </p>

    <p class='ocr_par' dir='ltr' id='par_1_11' title="bbox 841 4437 1455 4923">
     <span class='ocr_line' id='line_1_62' title="bbox 875 4437 1455 4494; baseline 0.002 -9"><span class='ocrx_word' id='word_1_438' title='bbox 875 4437 984 4494; x_wconf 84' lang='lat' dir='ltr'>Quando</span> <span class='ocrx_word' id='word_1_439' title='bbox 1010 4442 1100 4485; x_wconf 88' lang='lat' dir='ltr'>autem</span> <span class='ocrx_word' id='word_1_440' title='bbox 1130 4438 1195 4485; x_wconf 73' lang='lat' dir='ltr'>llaec</span> <span class='ocrx_word' id='word_1_441' title='bbox 1218 4452 1233 4485; x_wconf 87' lang='lat' dir='ltr'>a</span> <span class='ocrx_word' id='word_1_442' title='bbox 1257 4437 1361 4485; x_wconf 88' lang='lat' dir='ltr'>Nerone</span> <span class='ocrx_word' id='word_1_443' title='bbox 1385 4438 1455 4486; x_wconf 85' lang='lat' dir='ltr'>facta</span> 
     </span>
     <span class='ocr_line' id='line_1_63' title="bbox 841 4521 1453 4584; baseline 0 -15"><span class='ocrx_word' id='word_1_444' title='bbox 841 4522 895 4569; x_wconf 88' lang='lat' dir='ltr'>sint</span> <span class='ocrx_word' id='word_1_445' title='bbox 912 4521 997 4584; x_wconf 84' lang='lat' dir='ltr'>colligi</span> <span class='ocrx_word' id='word_1_446' title='bbox 1017 4528 1103 4583; x_wconf 83' lang='lat' dir='ltr'>potest</span> <span class='ocrx_word' id='word_1_447' title='bbox 1119 4537 1150 4570; x_wconf 84' lang='lat' dir='ltr'>ex</span> <span class='ocrx_word' id='word_1_448' title='bbox 1165 4523 1244 4570; x_wconf 93' lang='lat' dir='ltr'>titulo</span> <span class='ocrx_word' id='word_1_449' title='bbox 1256 4522 1283 4570; x_wconf 93' lang='lat' dir='ltr'>in</span> <span class='ocrx_word' id='word_1_450' title='bbox 1297 4523 1370 4583; x_wconf 78' lang='lat' dir='ltr'>rippa</span> <span class='ocrx_word' id='word_1_451' title='bbox 1385 4523 1453 4571; x_wconf 91' lang='lat' dir='ltr'>mili-</span> 
     </span>
     <span class='ocr_line' id='line_1_64' title="bbox 842 4604 1455 4669; baseline 0.003 -17"><span class='ocrx_word' id='word_1_452' title='bbox 842 4606 896 4653; x_wconf 88' lang='lat' dir='ltr'>ario</span> <span class='ocrx_word' id='word_1_453' title='bbox 914 4607 1028 4654; x_wconf 85' lang='lat' dir='ltr'>exstanti</span> <span class='ocrx_word' id='word_1_454' title='bbox 1047 4605 1073 4654; x_wconf 86' lang='lat' dir='ltr'>C.</span> <span class='ocrx_word' id='word_1_455' title='bbox 1091 4606 1109 4654; x_wconf 89' lang='lat' dir='ltr'>l.</span> <span class='ocrx_word' id='word_1_456' title='bbox 1126 4607 1151 4654; x_wconf 82' lang='lat' dir='ltr'>l..</span> <span class='ocrx_word' id='word_1_457' title='bbox 1168 4607 1190 4653; x_wconf 86' lang='lat' dir='ltr'>X</span> <span class='ocrx_word' id='word_1_458' title='bbox 1206 4605 1272 4653; x_wconf 73' lang='lat' dir='ltr'>still</span> <span class='ocrx_word' id='word_1_459' title='bbox 1287 4604 1382 4668; x_wconf 87' lang='lat' dir='ltr'>(posito</span> <span class='ocrx_word' id='word_1_460' title='bbox 1398 4612 1455 4669; x_wconf 91' lang='lat' dir='ltr'>post</span> 
     </span>
     <span class='ocr_line' id='line_1_65' title="bbox 841 4687 1455 4752; baseline 0.007 -18"><span class='ocrx_word' id='word_1_461' title='bbox 841 4689 865 4736; x_wconf 87' lang='lat' dir='ltr'>d.</span> <span class='ocrx_word' id='word_1_462' title='bbox 890 4689 911 4737; x_wconf 84' lang='lat' dir='ltr'>X</span> <span class='ocrx_word' id='word_1_463' title='bbox 935 4705 970 4738; x_wconf 91' lang='lat' dir='ltr'>m.</span> <span class='ocrx_word' id='word_1_464' title='bbox 989 4690 1048 4737; x_wconf 83' lang='lat' dir='ltr'>llee.</span> <span class='ocrx_word' id='word_1_465' title='bbox 1067 4705 1089 4737; x_wconf 89' lang='lat' dir='ltr'>a.</span> <span class='ocrx_word' id='word_1_466' title='bbox 1107 4687 1216 4752; x_wconf 74' lang='lat' dir='ltr'>stopo,</span> <span class='ocrx_word' id='word_1_467' title='bbox 1240 4691 1377 4738; x_wconf 80' lang='lat' dir='ltr'>ueletiam</span> <span class='ocrx_word' id='word_1_468' title='bbox 1398 4697 1455 4752; x_wconf 86' lang='lat' dir='ltr'>post</span> 
     </span>
     <span class='ocr_line' id='line_1_66' title="bbox 842 4770 1455 4836; baseline 0.005 -17"><span class='ocrx_word' id='word_1_469' title='bbox 842 4774 865 4820; x_wconf 91' lang='lat' dir='ltr'>d.</span> <span class='ocrx_word' id='word_1_470' title='bbox 886 4773 945 4821; x_wconf 85' lang='lat' dir='ltr'>Xlll</span> <span class='ocrx_word' id='word_1_471' title='bbox 966 4789 998 4821; x_wconf 90' lang='lat' dir='ltr'>m.</span> <span class='ocrx_word' id='word_1_472' title='bbox 1018 4771 1073 4822; x_wconf 84' lang='lat' dir='ltr'>Oct.</span> <span class='ocrx_word' id='word_1_473' title='bbox 1092 4789 1115 4823; x_wconf 90' lang='lat' dir='ltr'>a.</span> <span class='ocrx_word' id='word_1_474' title='bbox 1133 4770 1239 4836; x_wconf 61' lang='lat' dir='ltr'>saepta,</span> <span class='ocrx_word' id='word_1_475' title='bbox 1263 4790 1323 4823; x_wconf 88' lang='lat' dir='ltr'>enm</span> <span class='ocrx_word' id='word_1_476' title='bbox 1342 4775 1455 4823; x_wconf 86' lang='lat' dir='ltr'>Neronis</span> 
     </span>
     <span class='ocr_line' id='line_1_67' title="bbox 842 4858 1453 4923; baseline 0.007 -19"><span class='ocrx_word' id='word_1_477' title='bbox 842 4858 984 4906; x_wconf 86' lang='lat' dir='ltr'>tribunicia</span> <span class='ocrx_word' id='word_1_478' title='bbox 999 4863 1114 4919; x_wconf 86' lang='lat' dir='ltr'>potestas</span> <span class='ocrx_word' id='word_1_479' title='bbox 1132 4864 1227 4923; x_wconf 78' lang='lat' dir='ltr'>quarta</span> <span class='ocrx_word' id='word_1_480' title='bbox 1239 4859 1340 4907; x_wconf 82' lang='lat' dir='ltr'>decima</span> <span class='ocrx_word' id='word_1_481' title='bbox 1353 4875 1453 4908; x_wconf 88' lang='lat' dir='ltr'>memo-</span> 
     </span>
    </p>
   </div>
   <div class='ocr_carea' id='block_1_9' title="bbox 0 0 1676 5512">
    <p class='ocr_par' dir='ltr' id='par_1_12' title="bbox 0 0 1676 5512">
     <span class='ocr_line' id='line_1_68' title="bbox 0 0 1676 5512; baseline 0 0"><span class='ocrx_word' id='word_1_482' title='bbox 0 0 1676 5512; x_wconf 95' lang='lat' dir='ltr'> </span> 
     </span>
    </p>
   </div>
  </div>
 </body>
</html>
