3322 5512
920 350 976 411 16‘2

124 589 130 606 .
207 589 214 607 .
306 533 418 632 capite
453 532 699 622 damnaverat,
733 547 872 633 postero
906 537 1022 610 statim
1058 537 1114 610 die
1149 548 1183 611 et
1216 538 1251 610 iu
1277 537 1521 612 consiliumet
1547 532 1597 610 ad

307 662 406 734 aleae
431 662 547 735 lusum
574 662 753 735 admoneri
779 658 880 735 iussit
906 674 956 751 et,
983 663 1083 757 quasi
1103 673 1338 752 morarentur,
1365 673 1404 736 ut
1421 662 1594 736 somnicu-

306 787 399 860 losos
436 811 498 882 per
523 787 681 860 nuntium
708 784 888 882 increpuit.
925 783 1105 860 Ductnrus
1131 796 1251 861 contra
1277 790 1333 859 ias
1357 786 1593 882 Agrippinam

308 933 469 1002 uxorem,
503 935 570 985 non
606 912 758 985 cessarit
791 912 883 985 omni
918 912 1072 984 oratione
1098 912 1206 985 filiam
1232 921 1267 985 et
1293 913 1470 984 alumnam
1497 920 1532 983 et
1555 909 1592 982 in

307 1016 439 1132 gremio
473 1060 537 1110 suo
571 1047 689 1110 natam
724 1047 829 1132 atque
863 1033 1046 1110 educatam
1082 1036 1294 1132 praedicare.
1335 1034 1523 1108 Asciturus
1556 1035 1593 1106 in

306 1185 431 1235 nomen
465 1160 658 1254 Neronem,
693 1161 793 1258 quasi
828 1185 951 1257 parum
987 1161 1317 1257 reprehenderetur,
1353 1159 1446 1255 quod
1472 1158 1593 1231 adulto

307 1285 376 1359 iam
402 1287 472 1361 lilio
498 1284 698 1383 privignum
724 1286 925 1382 adoptaret,
960 1285 1149 1358 identidem
1175 1283 1391 1378 divulgavit,
1417 1283 1594 1356 neminem

308 1435 472 1506 umquam
499 1434 562 1509 per
588 1411 807 1508 adoptionem
832 1410 985 1483 familiae
1012 1410 1183 1484 Claudiae
1209 1409 1386 1482 insertum.

356 1538 434 1609 XL.
487 1537 663 1611 Sermonis
697 1559 781 1608 vero
815 1559 1001 1630 rerumque
1036 1546 1169 1609 tantam
1200 1557 1307 1630 saepe
1332 1531 1593 1627 neglegentiam

308 1661 475 1754 ostendit,
512 1671 549 1734 ut
583 1685 645 1734 nec
679 1661 758 1756 quis
785 1684 848 1733 nec
874 1660 964 1733 inter
988 1683 1096 1754 quos,
1130 1683 1244 1756 quove
1269 1669 1425 1755 tempore
1451 1681 1493 1730 ac
1518 1658 1593 1730 loco

309 1786 417 1858 verba
441 1787 590 1876 faceret,
616 1785 705 1858 scire
731 1795 794 1858 aut
820 1785 973 1881 cogitaqe
999 1785 1265 1858 existimaretur.
1304 1780 1395 1858 Cum
1421 1782 1465 1855 de
1491 1781 1594 1854 laniis

308 1934 349 1981 ac
375 1909 519 1982 vinariis
544 1920 724 2004 ageretur,
751 1909 961 1983 exclamavit
987 1909 1021 1980 in
1048 1908 1161 1982 curia:
1190 1911 1285 2000 Repo
1310 1932 1367 1981 oos
1387 1910 1466 1999 qais
1485 1914 1594 2002 potest

307 2038 383 2107 siae
417 2037 529 2125 offilo
562 2032 701 2107 oioere‘?
740 2033 993 2130 descripsitque
1019 2033 1270 2125 abundantiam
1297 2042 1453 2106 veterum
1481 2031 1591 2104 taber-

309 2183 450 2249 narum,
486 2159 579 2232 unde
617 2158 740 2231 solitus
779 2168 873 2231 esset
909 2159 1028 2230 vinum
1069 2157 1150 2229 olim
1189 2166 1224 2231 et
1261 2156 1338 2253 ipse
1371 2165 1500 2251 petere.
1540 2155 1592 2227 De

349 2329 409 2387 Dto
433 2333 487 2402 60,
509 2333 560 2404 14,
585 2333 613 2389 2.
651 2331 703 2393 aii
735 2328 887 2399 πολλάκις
920 2368 961 2377 -
994 2330 1143 2400 κελεύσεις
1168 2329 1235 2392 τινὰ
1259 2331 1293 2392 ἐν.
1317 2334 1368 2392 τεῦ
1394 2333 1592 2405 νεκραχρῆμν

310 2437 458 2516 aspidibus
489 2435 686 2508 ἁπολὲεθνι,
719 2436 826 2500 instra
859 2436 1027 2512 εὶνενεγκὲεν
1059 2436 1110 2499 axi
1141 2437 1357 2517 εὶνκφρενήσνις
1389 2433 1530 2516 ἐπεζήτει
1561 2456 1594 2494 τε

309 2545 416 2613 aditi,
441 2545 493 2607 exi
517 2543 628 2620 μαθὼν
652 2545 686 2607 τὸ
711 2544 836 2619 γεγονὸς
860 2542 1003 2606 ἐλυπεῑτέ
1025 2568 1059 2606 τε
1083 2543 1134 2606 exi
1159 2542 1415 2620 μετεγίγνωσκεν.

312 2735 496 2784 Friedlaender
505 2734 530 2784 S.
540 2735 569 2784 G.
580 2733 669 2784 [⁵400.
688 2736 771 2799 Marq.
782 2736 833 2784 Vit.
844 2735 923 2785 Priv.²
1012 2735 1041 2782 ln
1059 2735 1163 2783 iudiciis
1180 2734 1322 2784 Claudiurn
1338 2731 1502 2782 consiliarios
1518 2731 1594 2779 adhi-

311 2835 333 2880 p.
352 2817 385 2866 bil
403 2820 424 2867 A
441 2817 465 2867 3.
484 2820 612 2869 Dissentit
629 2826 720 2870 aulem
738 2822 844 2871 Tacitus
855 2823 922 2871 Ann.
978 2819 1066 2867 buisse
1092 2823 1207 2867 testatur
1233 2819 1280 2867 Dio
1297 2816 1344 2879 bb,
1367 2817 1398 2878 4,
1415 2815 1445 2864 3:
1472 2811 1520 2864 καὶ
1546 2809 1593 2879 γὰρ

313 2905 346 2953 Xl
364 2903 408 2953 38:
432 2905 652 2967 Nuntiatumqttc
672 2904 784 2955 Glaitdr'o
802 2907 924 2968 epulanti
978 2899 1006 2950 τὸ
1033 2897 1101 2951 κατὰ
1126 2898 1187 2956 τοὺς
1212 2898 1370 2966 συνέδρους,
1397 2896 1545 2964 ἐκλειφθὲν
1566 2896 1593 2958 ἐξ

311 2991 412 3049 perisso
434 2989 624 3053 Messalinam,
645 2991 925 3052 subdistinctam
978 2984 1011 3036 οὗ
1034 2985 1050 3035 ὁ
1076 2983 1194 3051 Τιβέριος
1212 2984 1239 3041 ἔς
1253 2983 1301 3051 τὴν
1317 2990 1398 3050 νῆσον
1415 2981 1592 3049 ἐξεχώρησεν,

312 3087 349 3121 aa
380 3074 470 3122 alieno
500 3088 601 3134 nicom
634 3089 683 3124 aec
706 3075 753 3123 ille
778 3076 925 3137 quaesiuit,
978 3069 1156 3132 ἀνενεώσατο,
1185 3072 1217 3122 ef.
1241 3073 1389 3121 Mommsen
1413 3071 1473 3120 stu.
1494 3067 1592 3119 112988

312 3159 484 3220 poposcitque
507 3160 636 3221 poculum
661 3166 688 3209 et
710 3161 789 3208 solita
807 3161 925 3208 conuiuio
979 3159 999 3206 A
1019 3155 1211 3207 4:112948.

312 3242 461 3290 celebravit.
488 3242 524 3291 De
553 3258 632 3292 eausa
658 3245 793 3293 dissensus
817 3245 874 3292 ride
892 3245 924 3294 erl
1012 3244 1309 3292 aeneidem-insertum.
1333 3242 1366 3290 cl.
1383 3240 1443 3289 Tac.
1461 3239 1594 3289 Ann.·Xll

313 3341 334 3374 e..
352 3326 397 3389 16,
416 3342 439 3388 p.
458 3325 505 3376 131
525 3329 660 3390 supplicio
677 3329 775 3392 offecit.
979 3327 1025 3376 bb:
1049 3327 1226 3376 Adaotabant
1247 3327 1332 3389 periti
1354 3326 1462 3374 niellam
1483 3325 1595 3374 antehoc

347 3411 546 3461 inconsutam.
572 3413 767 3474 intelleguntur
784 3413 925 3462 consiliarii
980 3413 1155 3474 adoptionem
1193 3413 1266 3460 inter
1302 3411 1433 3473 patricios
1469 3409 1595 3459 Claudios

314 3497 354 3543 rel
378 3495 406 3543 in
433 3496 546 3556 negotiis
570 3497 681 3558 publicis
705 3500 746 3547 rel
770 3499 797 3546 in
815 3498 926 3546 iudiciis.
981 3497 1112 3559 reperiri,
1135 3509 1231 3557 eosque
1254 3495 1288 3543 ab
1313 3493 1376 3544 Atto
1395 3494 1492 3544 Clauso
1510 3495 1594 3545 conti-

313 3578 453 3629 Claudium
472 3580 499 3628 in
517 3582 632 3644 negotiis
646 3582 758 3643 publicis
767 3583 927 3631 consiliarios
980 3595 1048 3630 otios
1066 3581 1213 3629 duravisse.

313 3664 453 3713 adduxisse
478 3668 582 3714 constat
606 3663 649 3726 (cf.
677 3681 698 3714 r..
722 3664 768 3714 35:
794 3667 927 3715 adhibitis

313 3749 486 3811 principibus
495 3750 575 3812 viris,
585 3750 654 3812 quorl
665 3752 816 3812 exemplum
827 3751 926 3799 adden-

314 3833 377 3880 durn
392 3838 433 3881 est
448 3833 480 3881 iis
492 3847 562 3896 quae
574 3834 927 3897 congessitldommsenStli.

314 3915 350 3964 111
367 3915 416 3966 903
434 3916 455 3964 A
470 3915 657 3979 4:1128136),
675 3919 833 3981 eiusquerei
843 3935 929 3982 nuper

314 4003 484 4050 luculentum
510 4002 693 4051 testimonium
719 4004 791 4052 dedit
814 4019 928 4066 papyrus

315 4086 490 4134 Berolinensis
516 4083 595 4146 (llerl.
623 4086 665 4136 Gr.
693 4088 756 4138 Urk.
781 4104 805 4137 n.
830 4087 875 4137 511
898 4106 928 4132 =

316 4170 425 4219 Hermes
447 4171 519 4219 XXX
545 4186 569 4233 p.
594 4170 644 4220 tao
662 4171 745 4236 sqq),
769 4188 799 4221 ex
818 4188 873 4236 qua
889 4173 930 4222 di-

313 4255 413 4302 scimus
439 4253 594 4316 Claudium,
619 4254 726 4304 Graecis
746 4257 930 4306 Alexandrinis

314 4339 488 4401 querentibus
506 4339 575 4401 apud
595 4354 656 4387 eum
675 4341 707 4388 de
725 4340 846 4402 ludaeis,
864 4342 929 4390 item

314 4423 406 4472 incolis
425 4424 613 4483 Alexandriae,
631 4425 724 4487 viginti
736 4426 855 4488 quinque
867 4441 929 4475 con-

315 4509 425 4557 siliarios
451 4509 617 4571 adhibuisse,
651 4524 665 4558 e
691 4509 789 4572 quibus
816 4511 930 4558 sedecim

315 4594 467 4641 consulares
491 4593 615 4652 fuerunt,
641 4594 673 4642 cf.
697 4596 744 4642 rol.
764 4594 787 4641 ll
805 4596 821 4642 l.
840 4594 856 4640 5
872 4609 930 4656 sqq.

315 4673 494 4739 oirvudsle'odc
511 4674 713 4741 συνβούλειον1.
723 4713 728 4723 .
740 4713 745 4723 .
757 4713 762 4723 .
775 4674 796 4740 .]
816 4673 930 4740 συνκλη-

315 4757 431 4825 τικ[ῶ]ν
454 4758 570 4825 εἴκο[σ]ι
594 4757 686 4826 astate
697 4797 824 4808 ........
825 4759 841 4826 J
862 4758 929 4811 ὑπα-

316 4849 399 4897 τικῶν
417 4841 483 4894 δέκα
501 4843 537 4903 ἕξ.

1014 3667 1140 3715 vinariis.
1173 3671 1204 3715 ut
1232 3664 1373 3728 sequentia
1398 3664 1596 3727 descripsitque

982 3749 1395 3800 abundantiam-tabernarum
1413 3748 1525 3812 docent,
1544 3762 1595 3797 non

982 3834 1159 3896 negotiatores
1182 3833 1289 3894 vinarii,
1313 3838 1344 3881 ut
1361 3833 1528 3896 saepissime,
1552 3831 1595 3881 sed

982 3918 1125 3967 tabernarii
1148 3918 1356 3980 intelleguntur,
1380 3931 1432 3980 quo
1451 3931 1532 3966 sensu
1549 3931 1595 3965 ror

983 4007 1088 4065 praeter
1106 4003 1178 4051 bunc
1194 4004 1282 4051 locum
1301 4001 1399 4065 legitur
1412 4000 1522 4050 Sallust.
1532 4000 1596 4049 Hist.

984 4088 994 4135 l
1013 4088 1043 4136 fr.
1062 4085 1095 4136 63
1112 4083 1370 4147 (Maurenbrecher):
1398 4100 1461 4134 odoi
1491 4085 1597 4135 lenones

983 4178 1010 4220 et
1026 4172 1128 4220 vinarii
1146 4172 1267 4233 ioniique
1287 4177 1307 4217 <
1316 4176 1370 4221 et>
1389 4182 1596 4231 quorumproe-

985 4264 1058 4305 terea
1075 4257 1168 4316 colpus
1185 4256 1216 4304 ia
1233 4256 1290 4304 dies
1304 4269 1386 4304 usum
1401 4254 1492 4317 babet,
1510 4255 1597 4316 pretio
1633 4253 1635 4257 ’

985 4341 1142 4402 conipositi;
1160 4339 1256 4389 Victor.
1275 4338 1348 4388 Caes.
1357 4337 1403 4397 33,
1421 4336 1450 4387 6:
1470 4339 1597 4389 lenonum

985 4441 1017 4474 dc
1033 4426 1207 4473 vinariorum
1223 4424 1356 4473 amicitiis
1373 4423 1519 4484 liuerebot,·
1535 4423 1596 4473 etin

985 4510 1064 4559 titulo
1082 4509 1240 4571 Pompeiano
1259 4505 1485 4557 desivisse:
1503 4507 1598 4557 Sacris

984 4595 1093 4643 vinaria
1111 4595 1168 4643 sitit
1186 4607 1312 4655 rogovos
1329 4600 1354 4642 et
1371 4593 1447 4642 valde
1461 4594 1522 4642 sitit
1539 4592 1597 4642 Gol-

983 4680 1088 4740 puraio
1112 4680 1159 4727 tibi
1183 4679 1250 4727 dicit
1272 4675 1362 4740 vade).
1384 4677 1449 4739 (dno
1467 4682 1598 4741 postrema

985 4764 1106 4824 exempla
1128 4762 1249 4810 addenda
1271 4767 1333 4811 srrnt
1349 4763 1420 4825 apud
1445 4763 1530 4827 Marq.
1548 4762 1596 4812 Vit.

984 4844 1065 4895 Priv.²
1083 4862 1107 4909 p.
1125 4846 1174 4895 447
1192 4847 1213 4894 A
1231 4845 1266 4908 1).
