3322 5512
299 1287 435 1344 secutum,
453 1297 528 1344 suos,
548 1287 578 1331 ut
592 1281 748 1344 Claudium,
763 1282 841 1330 ludos
853 1297 912 1331 sex-

299 1373 340 1417 tos
353 1367 524 1430 appellavisse
538 1367 679 1416 verisimile
690 1367 765 1416 duco.
783 1367 912 1430 Equidem

300 1452 424 1503 Ottonem
443 1451 591 1500 Hirschfeld
609 1449 730 1512 (Wiener
747 1450 859 1500 Studien
877 1452 912 1500 III

299 1536 387 1599 (1881)
414 1552 437 1599 p.
461 1534 522 1597 tae)
547 1541 654 1585 secutus
680 1540 744 1598 puto
770 1534 911 1585 Claudium

299 1624 428 1673 rationem
461 1621 574 1682 Arrgusti
607 1623 757 1684 amplexum
785 1635 842 1669 esse
867 1621 912 1669 sed

298 1707 370 1756 aliud
396 1706 503 1755 inilium
530 1705 701 1767 computandi
727 1706 764 1753 ita
788 1705 912 1768 elegisse,

301 1797 331 1841 ut
356 1806 454 1840 novum
478 1791 614 1839 saeculum
638 1789 764 1851 inciperet
787 1789 819 1838 ab
843 1804 912 1838 arrno

298 1875 516 1939 octingentesimo
535 1874 607 1923 urbis
624 1871 673 1933 (sic
690 1887 796 1936 quoque
808 1874 913 1936 egregie

298 1961 463 2023 explicentur
487 1959 565 2008 verbs
587 1958 699 2008 Victoris
723 1956 796 2007 Caes,
814 1958 848 2006 IV
865 1957 911 2006 ll:

297 2045 535 2107 octingentesimus
565 2069 598 2077 —
623 2045 713 2092 mire
748 2043 912 2105 celebratur,

297 2144 366 2193 quae
390 2130 421 2178 ad
446 2127 604 2177 Mommseni
628 2127 778 2189 opinionem
797 2127 910 2188 proban·

297 2214 357 2262 dam
376 2214 442 2262 nihil
460 2210 573 2275 valent);
592 2226 687 2274 nempe
699 2212 806 2261 initium
820 2212 911 2262 iecisse

297 2299 330 2347 ah
356 2312 425 2347 anno
451 2295 573 2359 asopus,
599 2312 651 2359 quo
675 2311 745 2345 anno
763 2297 909 2345 secundum

297 2382 470 2431 Plutarchum
505 2381 531 2429 P.
562 2380 682 2430 Valerius
703 2380 837 2429 Publicola
858 2382 910 2443 pri-

297 2481 357 2515 mus
380 2466 456 2514 ludos
482 2466 600 2527 fecisset,
626 2466 658 2513 rs.
686 2465 755 2513 Plut.
774 2465 845 2528 Popl.
863 2465 907 2514 il:

296 2548 345 2598 καί
374 2566 410 2603 τις
442 2546 497 2611 ἅμα
523 2545 711 2612 δεισιδαιμονία
737 2553 783 2612 τῆς
807 2546 910 2603 πόλεως

296 2632 385 2698 ἥψατο
405 2648 410 2659 ·
427 2637 509 2682 πᾶσαι
526 2627 576 2696 γὰρ
591 2631 620 2681 αἱ
628 2636 741 2681 κυοῦσαι
755 2630 811 2682 τότε
821 2639 909 2697 γυναῖ-

295 2735 341 2772 κες
364 2713 489 2781 ἐξέβαλον
505 2712 628 2780 ἀνάπηρα
646 2713 692 2765 καὶ
710 2712 781 2770 τέλος
798 2713 909 2780 οὐδεμία

295 2800 391 2868 γένεσις
409 2800 499 2867 ἔσχεν,
517 2799 581 2851 όδεν
597 2797 628 2849 ε’κ
647 2805 700 2850 τῶν
717 2799 911 2866 Σιβυλλείιονὸ

295 2885 465 2942 Ποπλικόλας
483 2882 638 2949 ἱλασάμενος
652 2891 690 2950 τῷ
697 2883 774 2950 Ἅιδῃ
784 2883 833 2936 καί
840 2904 910 2941 τινας

295 2970 399 3038 ἀγῶνας
416 2969 622 3037 πυθοχρήστους
639 2967 781 3036 ἀναλαβὼν
795 2969 909 3027 καὶτοῖς

294 3054 378 3106 ἐλπίσι
400 3054 467 3121 πρὸς
490 3053 519 3106 τὸ
542 3053 616 3105 θεῖον
633 3053 726 3121 ἡδίονα
744 3052 909 3120 καταστήσας

295 3138 341 3207 τὴν
358 3140 433 3192 πόλιν
450 3160 477 3191 κ.
496 3159 517 3190 τ.
535 3138 558 3190 λ.

328 3230 478 3290 praeconis.
497 3228 631 3290 praeconis
648 3227 721 3275 illius
734 3227 820 3290 imago
833 3242 908 3289 repe-

295 3314 363 3362 ritu'r
385 3314 413 3362 ln
437 3314 555 3362 nummis
578 3312 692 3376 Augusti
709 3308 824 3372 (Colren²
841 3311 908 3375 Aug.

295 3414 320 3448 n.
338 3398 395 3448 lii.
413 3396 474 3453 188)
487 3405 515 3447 et
527 3397 671 3446 Domitiani
683 3394 798 3457 (Goheni
811 3397 908 3445 Domit.

292 3487 319 3532 n.
348 3482 387 3532 75.
421 3481 466 3545 76,
492 3483 524 3531 cs.
550 3481 614 3544 Eph.
637 3481 723 3544 Epigr.
741 3480 799 3529 Vlll
818 3497 841 3543 p.
859 3480 908 3530 alo

294 3567 362 3631 Α1,
381 3582 404 3628 p.
423 3565 480 3615 311.

327 3666 402 3701 more
419 3651 549 3700 sollemni.
577 3651 609 3699 ei.
636 3650 728 3699 ZosIm.
753 3649 818 3698 Hist.
843 3650 906 3698 Nor.

209 3790 212 3794 ⁴
294 3736 316 3784 lI
334 3735 362 3784 5:
381 3739 497 3789 τοιοῦτος
514 3730 544 3783 δέ
561 3750 598 3788 τις
610 3730 626 3781 ό
636 3730 733 3796 τρόπος
745 3728 907 3797 ἀναγέγραπ-

293 3837 333 3869 ται
351 3823 397 3883 τῆς
414 3815 507 3883 ἑορτῆς
513 3856 520 3879 ,
537 3815 680 3881 περιιόντες
697 3815 725 3866 οἵ
739 3814 858 3882 κήρυκες
870 3815 907 3872 εἰς

293 3900 339 3968 τὴν
362 3899 456 3968 ἑορτὴν
480 3898 594 3952 συνιέναι
611 3898 709 3957 πάντας
725 3898 848 3951 ε’κὲλευον
864 3899 907 3951 ε’πὶ

292 3985 358 4038 iiior
381 3986 414 4053 ἣν
437 3985 496 4037 οὔτε
513 3987 642 4051 πρότερον
658 3983 743 4048 εἶδον,
765 3984 825 4036 οὕτε
841 3983 906 4051 μετὰ

293 4077 372 4122 ταῦτα
390 4068 538 4121 θεάσονται.
566 4071 592 4120 0.
612 4073 630 4121 I.
650 4072 676 4120 L.
695 4071 729 4120 VI
746 4070 809 4121 877:
837 4070 907 4134 [ludi

291 4166 355 4207 (rute
381 4160 499 4220 reliquos
524 4172 617 4207 omnes
643 4156 796 4219 oon]stituti
821 4172 907 4219 neque

294 4244 366 4291 ultra
384 4258 466 4305 qrram
486 4243 568 4291 sereret
583 4242 634 4290 ulli
645 4239 820 4303 mor[talr'um
833 4257 905 4304 speo-

294 4324 391 4388 tondi].
417 4325 565 4376 comment.
593 4327 645 4375 lud.
673 4341 740 4375 saec.
767 4326 833 4390 Aug.
859 4327 905 4375 lin.

292 4412 324 4459 55
356 4426 394 4474 sq.
426 4410 502 4474 (Eph.
528 4412 614 4475 Epigr.
641 4411 699 4460 VIII
727 4426 749 4474 p.
777 4409 849 4472 229):
876 4417 906 4458 ut

291 4497 423 4558 quoniam
457 4497 514 4545 ludi
546 4494 594 4557 lei]
625 4492 792 4558 sollemnis]
825 4510 906 4544 carisa

291 4576 368 4640 sun[t
386 4577 519 4640 r'n]slituti
537 4594 624 4642 neqree
641 4580 812 4642 ultraquam
825 4580 907 4629 semel

291 4664 341 4711 ulli
366 4660 541 4723 nrorItalr'um
565 4678 608 4712 eos
631 4670 752 4725 spectare
775 4665 836 4713 lieet
852 4661 905 4725 -].

326 4749 490 4796 histrionum
525 4748 558 4796 ci.
585 4748 652 4797 Plin.
679 4747 709 4796 H.
736 4747 768 4796 N.
796 4747 824 4810 7,
842 4746 905 4796 15οι

291 4832 384 4882 Minus
396 4835 486 4882 nriror
494 4832 721 4898 Stephanionem,
740 4833 787 4894 (μα’
795 4834 906 4894 primus

122 573 129 588 .
205 570 212 586 .
304 514 424 602 Quare
459 535 527 586 vox
562 511 743 607 praeconis
776 512 878 584 irrisa
912 520 982 604 est,
1017 513 1197 586 invitantis
1230 537 1325 588 more
1351 511 1512 589 sollemni
1539 513 1587 590 ad

303 637 423 730 ludos,
444 660 533 732 quos
557 660 619 710 nec
636 646 830 732 spectasset
846 636 1032 732 quisquam
1049 662 1112 711 nec
1132 647 1353 734 spectaturus
1372 650 1484 732 esset,
1506 665 1586 714 eum

302 769 526 858 superessent
552 760 667 835 adhue
692 761 751 855 qui
777 769 1038 856 spectaverant,
1065 773 1099 835 et
1120 762 1263 857 quidam
1282 760 1489 838 histrionum
1506 788 1586 861 pra

302 885 395 959 ducti
430 885 512 959 olim
546 896 628 959 tunc
662 907 801 980 quoque
835 885 1119 980 producerentur.
1159 887 1344 962 Circenses
1382 893 1585 985 frequenter

302 1011 405 1083 etiam
433 1011 466 1082 in
494 1009 664 1085 Vaticano
691 1008 878 1099 commisit,
905 1032 1165 1105 nonnumquam
1182 1012 1363 1086 interiecta
1380 1037 1442 1110 per
1458 1015 1587 1108 quinos

969 1287 1075 1345 topatus
1098 1284 1200 1332 saltare
1224 1284 1357 1347 instituit,
1382 1285 1507 1347 utrisque
1525 1300 1585 1334 sue-

966 1368 1106 1416 sularibus
1124 1369 1195 1417 ludis
1212 1370 1353 1419 saltavisse
1365 1369 1585 1432 etdiuiAupusti

967 1459 993 1501 et
1003 1468 1070 1515 qrros
1083 1452 1212 1502 Claudius
1227 1453 1368 1503 Caesar—
1377 1455 1454 1518 feeit,
1472 1457 1584 1518 quanda

966 1536 1059 1585 LXIII
1087 1552 1142 1586 nou
1172 1538 1293 1600 uurplins
1324 1541 1393 1588 anni
1417 1539 1584 1603 interserere,

967 1636 1137 1684 ‹Juuruquam
1152 1628 1178 1670 et
1191 1628 1284 1683 postea
1301 1622 1351 1670 diu
1368 1624 1445 1672 viruit.
1462 1623 1584 1686 Ipsorum

967 1705 1100 1754 indiarum
1118 1706 1160 1754 die
1181 1706 1265 1768 primo
1286 1710 1313 1754 et
1331 1707 1424 1768 tertio,
1448 1711 1582 1771 nocteque

967 1789 1052 1851 prima
1069 1793 1096 1838 et
1111 1791 1191 1840 tertia
1205 1791 1262 1840 ludi
1272 1792 1384 1841 scaenici
1394 1791 1529 1841 dabantur
1538 1792 1582 1854 (ei.

967 1872 1114 1923 Comment.
1140 1875 1194 1924 lud.
1221 1890 1289 1924 saec.
1316 1876 1382 1938 Aug.
1410 1876 1455 1925 lin.
1474 1874 1526 1926 100
1543 1892 1582 1941 sq.

966 1957 1015 2007 108
1039 1974 1076 2022 sq.
1101 1957 1151 2007 153
1174 1957 1225 2023 sq.)
1242 1965 1270 2008 et
1287 1965 1345 2023 post
1361 1961 1438 2010 ludos
1457 1976 1504 2024 per
1522 1977 1582 2026 sep·

966 2047 1021 2090 tem
1047 2041 1102 2089 dies
1128 2039 1479 2103 (cf.ihio.nn.156-158:
1505 2047 1583 2096 ludos

966 2141 1032 2188 quos
1056 2127 1217 2176 honorantes
1234 2128 1344 2178 dierum
1365 2129 1417 2178 VII
1430 2131 1583 2180 adr'ecr'mus

967 2212 1038 2260 ludis
1069 2212 1244 2261 sollemnibus
1273 2215 1473 2264 conruuttenrus
1499 2218 1583 2265 nonis

965 2296 1025 2346 Iun.
1056 2296 1168 2344 Latinos
1199 2299 1229 2345 in
1258 2298 1362 2346 theatro
1389 2299 1479 2360 ligneo
1506 2301 1581 2361 quod

965 2387 1004 2429 est
1026 2381 1062 2428 ud
1089 2380 1204 2429 Tiberim
1228 2379 1319 2443 h(ora)
1336 2381 1368 2430 ΙΙ
1383 2382 1499 2433 Graecos
1519 2384 1581 2446 thy-

965 2467 1072 2514 rueliros
1091 2467 1121 2513 iu
1139 2465 1245 2514 theatro
1264 2452 1376 2529 Pompei
1395 2468 1420 2517 h.
1437 2467 1484 2516 III
1494 2469 1582 2520 Grae-

964 2564 1006 2597 ros
1027 2547 1137 2610 arsuros
1161 2547 1202 2610 in]
1228 2549 1346 2612 tlreultro
1372 2553 1445 2614 quod
1471 2551 1523 2616 est]
1550 2555 1582 2603 in

964 2636 1033 2683 rirro
1051 2634 1190 2683 Flunn'nr'o
1209 2633 1234 2682 h.
1256 2634 1280 2696 I,
1298 2635 1331 2683 cf.
1349 2635 1395 2685 lin.
1413 2635 1482 2699 161).

997 2720 1081 2767 sturm
1099 2720 1129 2767 in
1146 2716 1282 2767 Vaticano.
1301 2719 1450 2768 seeundum
1460 2719 1579 2770 Plinium

964 2803 1092 2853 Claudius
1109 2803 1145 2852 ibi
1163 2803 1331 2852 venationem
1344 2803 1447 2853 dedisse
1460 2805 1580 2863 videtur,

964 2888 996 2936 ci.
1015 2887 1045 2936 H.
1064 2887 1095 2935 N.
1113 2885 1142 2950 8,
1166 2884 1213 2935 37:
1241 2887 1321 2936 hovae
1344 2890 1499 2938 intentam
1518 2905 1580 2939 anr-

963 2973 1131 3034 plr'tudineur
1161 2979 1288 3022 senentes
1320 2980 1350 3022 ut
1375 2974 1437 3023 divo
1465 2975 1581 3025 Claudia

961 3058 1088 3119 principe
1111 3059 1212 3106 orrisae
1230 3060 1260 3106 in
1282 3058 1410 3107 Vaticano
1427 3060 1532 3110 solidus
1549 3062 1581 3110 in

963 3145 1023 3191 oloo
1048 3149 1185 3204 spectatus
1210 3145 1246 3191 sit
1272 3142 1376 3204 infans.
1403 3144 1432 3192 In
1451 3144 1580 3196 Vaticano

963 3227 1045 3277 Gaius
1067 3228 1166 3277 circum
1185 3233 1353 3277 exstruxerat
1370 3228 1418 3291 ibi,
1442 3229 1489 3278 ubi
1507 3245 1580 3280 nunc

962 3317 1003 3361 est
1035 3313 1144 3361 Basilica
1176 3312 1201 3362 S.
1231 3314 1303 3363 Petri
1329 3312 1444 3375 (Gilhert
1468 3313 1578 3378 Topogr.

963 3397 998 3445 lll
1022 3396 1071 3446 150
1089 3396 1110 3445 Α
1128 3397 1156 3459 1,
1182 3398 1256 3446 lldrn.
1273 3397 1362 3447 Mitth.
1381 3398 1426 3447 VII
1444 3396 1535 3460 (1892)
1554 3415 1578 3462 p.

961 3479 1030 3538 330).
1057 3481 1095 3531 cf.
1121 3481 1166 3530 uio
1184 3481 1231 3544 59,
1253 3481 1300 3544 11,
1324 3481 1353 3530 a:
1381 3478 1448 3529 ὥστε
1465 3477 1513 3530 καὶ
1530 3485 1579 3531 νῦν

961 3563 997 3614 ἔτι
1023 3563 1049 3615 Γ
1045 3561 1136 3615 αιανδν
1161 3562 1199 3614 εἰτ’
1228 3562 1309 3615 αὐτοῦ
1337 3561 1365 3613 τὸ
1388 3561 1490 3629 χώριον
1507 3561 1578 3630 ἒνῷ

961 3645 992 3699 τὰ
1015 3647 1119 3713 ἅρματα
1143 3647 1219 3714 ἤσκει
1243 3646 1391 3699 καλεῖσθαι.
1411 3650 1477 3699 Piin.
1496 3651 1526 3699 H.
1545 3651 1577 3700 N.

961 3734 1008 3797 16,
1025 3734 1082 3784 801.
1101 3734 1147 3797 36,
1166 3734 1206 3784 71.

993 3835 1044 3882 per
1069 3823 1166 3883 quinos
1191 3822 1299 3869 nrissus.
1326 3824 1472 3883 quaternae
1496 3820 1576 3869 simul

961 3905 1105 3968 quadrigae
1129 3905 1225 3967 septies
1248 3905 1364 3968 spatium
1387 3904 1449 3952 circi
1466 3919 1577 3966 pereur-

961 3989 1068 4052 rebant‚
1082 3989 1152 4051 quod
1163 3989 1259 4037 missus
1269 3983 1373 4049 (uiriles)
1384 3987 1576 4050 appellabatur.

961 4073 1096 4123 Numerus
1123 4074 1254 4122 missuum
1277 4077 1340 4121 ante
1363 4070 1460 4121 Gaium
1484 4072 1577 4122 decern

960 4159 1025 4221 tuit,
1043 4159 1075 4207 cs.
1094 4158 1140 4206 nio
1158 4155 1203 4219 50,
1222 4157 1250 4219 7,
1268 4156 1296 4205 i:
1315 4153 1389 4204 ἵπποι
1402 4152 1451 4204 δύο
1464 4152 1576 4220 ἡμέραις

959 4237 1137 4306 ἠγωνίσαντο,
1162 4245 1193 4304 τῇ
1216 4235 1265 4302 μὲν
1287 4235 1401 4303 προτέρᾳ
1424 4236 1562 4295 εἰκοσάκις
1568 4278 1575 4301 ,

960 4330 991 4389 τῇ
1009 4323 1032 4374 δ’
1050 4321 1145 4388 ὑστέρᾳ
1163 4320 1209 4373 καὶ
1227 4320 1347 4387 τετράκις
1364 4325 1506 4384 (numerus
1518 4341 1575 4375 cor·

960 4415 1054 4473 ruptus
1079 4415 1133 4472 est,
1160 4415 1207 4458 aut
1232 4424 1292 4458 cum
1317 4425 1341 4458 r.
1365 4410 1396 4458 cl.
1423 4409 1574 4459 BoissevaIn

959 4491 1010 4554 (De
1026 4508 1054 4542 re
1064 4493 1172 4542 militari
1181 4493 1376 4555 provinciarum
1386 4493 1574 4556 Hispaniarum

959 4582 1047 4627 aetate
1056 4578 1226 4640 imperatoria
1235 4578 1300 4627 Diss
1309 4577 1375 4627 1879
1383 4578 1575 4641 TheslIIIVIl)

960 4668 986 4711 et
1004 4662 1133 4724 Madvigio
1152 4662 1215 4710 Adv.
1235 4660 1297 4710 Crit.
1309 4662 1344 4710 III
1354 4677 1377 4724 p.
1387 4660 1573 4725 83legendum

960 4752 1001 4796 est
1026 4741 1273 4809 τετταρακοντάκις,
1306 4751 1354 4794 aut
1379 4760 1440 4794 cum
1468 4746 1575 4796 Reimar

959 4832 1130 4879 inserendum
1158 4826 1226 4879 <nai
1244 4825 1416 4890 εἶκοσάκις>λ
1435 4825 1478 4879 διά
1496 4826 1525 4878 τό
1543 4825 1573 4879 τά
