3322 5512
720 376 777 433 155

108 558 335 633 descenderet
361 569 395 633 et
419 559 581 652 meridie,
607 559 750 634 dimisso
776 559 823 632 ad
848 560 1030 656 prandium
1052 562 1199 657 populo,
1224 561 1387 658 persede-
1478 561 1517 636 C.
1545 565 1600 635 34.

107 693 176 776 ret,
202 693 409 781 praeterque
435 684 628 759 destinatos
653 685 759 759 etiam
785 684 854 759 levi
881 685 1064 781 subitaque
1090 687 1134 759 de
1160 710 1267 760 carisa
1285 710 1386 783 quos-

107 808 188 881 dam
223 811 466 904 committeret,
502 810 545 883 de
580 811 756 884 fabrorum
792 833 929 905 quoque
955 834 996 883 ac
1020 810 1255 885 ministrorum
1281 819 1386 907 atque

107 933 142 1006 id
167 958 279 1029 genus
304 959 466 1029 numero,
492 935 521 1009 si
548 943 765 1010 automatum
789 937 846 1009 vel
873 959 1001 1032 pegma
1026 937 1082 1009 vel
1100 936 1185 1031 quid
1202 938 1273 1010 tale
1290 937 1387 1011 aliud

106 1082 229 1160 parum
268 1060 441 1134 cessisset.
480 1061 624 1135 induxit
662 1069 697 1135 et
723 1085 831 1134 unum
857 1085 901 1134 ex
927 1062 1267 1135 nomenculatoribus
1294 1063 1388 1155 suis,

106 1183 157 1257 sic
181 1192 221 1257 ut
246 1194 322 1258 erat
345 1193 497 1281 togatus.

154 1310 309 1387 XXXV.
360 1311 431 1386 Sed
464 1312 548 1384 nihil
585 1334 697 1407 aeque
731 1335 834 1408 quam
869 1311 1012 1386 timidus
1044 1336 1086 1385 ac
1120 1312 1279 1385 diffidens
1312 1313 1386 1387 fuit.

107 1433 233 1508 Primis
262 1435 395 1532 imperii
421 1436 546 1510 diebus
575 1461 805 1533 quamquam,
841 1446 878 1511 ut
903 1436 1074 1532 diximus,
1107 1438 1253 1512 iactator
1279 1437 1386 1512 civili-

107 1559 206 1653 tatis
235 1585 349 1656 neque
375 1562 536 1636 convivia
561 1562 648 1636 inire
674 1586 784 1636 ausus
809 1572 862 1636 est
888 1563 954 1636 nisi
982 1572 1020 1637 ut
1044 1564 1282 1660 speculatores
1307 1588 1385 1638 cum

145 1770 207 1829 Dio
229 1774 358 1848 60,13,
380 1775 409 1832 4.
451 1771 492 1836 rol
514 1797 549 1837 τε
573 1771 634 1852 γὰρ
659 1770 746 1837 ἄλλα
771 1772 823 1836 καὶ
846 1771 915 1843 τοὺς
939 1771 989 1836 διὰ
1012 1770 1105 1849 μέσου
1128 1779 1182 1845 τῆς
1205 1770 1285 1842 θέας
1301 1771 1385 1852 παρὰ

107 1878 156 1942 τὸν
180 1885 231 1943 τοῦ
255 1878 377 1959 ἀρίστου
401 1879 500 1960 καιρὸν
524 1879 815 1957 κατακαπταμέναυς
839 1877 948 1954 ἥδιστα
972 1877 1104 1960 ἐθεώρει.

105 2095 197 2139 uratur.
215 2115 248 2122 —
265 2090 339 2139 Haec
356 2091 440 2153 fiant,
458 2091 525 2140 dum
539 2096 718 2139 vacatareaa.
772 2089 838 2152 hug.
857 2086 897 2137 78.
915 2086 953 2137 Gl.
970 2087 994 2138 9.
1009 2088 1070 2138 Ner.
1080 2086 1120 2137 48.
1130 2086 1191 2137 Oth.
1201 2086 1225 2137 8.
1244 2088 1384 2138 Hominem

106 2175 214 2224 Meridie
253 2176 336 2238 igitur
372 2175 478 2225 intectis
515 2174 666 2238 corporibus
699 2175 718 2223 ii
772 2175 926 2225 libertinum
940 2176 1258 2236 luisseindicattoqatus;
1274 2188 1384 2222 nomen·

106 2260 281 2324 dimicabant,
303 2262 349 2324 qui
366 2275 397 2309 ex
415 2259 546 2309 bestiariis
564 2258 621 2323 (qui
639 2274 718 2308 mane
772 2262 883 2310 alatores
900 2261 1016 2310 libertini
1033 2262 1209 2310 inveniuntur
1225 2259 1252 2309 G.
1270 2260 1289 2308 l.
1307 2261 1334 2308 L.
1351 2260 1384 2309 Vl

106 2344 272 2410 pugnabant)
289 2350 460 2408 supererant3
484 2360 516 2394 ex
533 2349 652 2408 tempore
670 2358 717 2393 uo·
771 2342 845 2394 9691.
863 2343 937 2394 9694.
954 2343 1028 2394 9696.

106 2446 167 2480 men
185 2431 327 2481 duxerunt.
802 2430 907 2492 primis
924 2430 1035 2492 imperti
1060 2429 1160 2478 diebus.
1187 2430 1320 2479 tricesima
1338 2430 1384 2477 de·

139 2513 718 2580 [p.l54]primatace.quotemporebestiarii
772 2528 847 2562 mum
872 2513 913 2562 die
936 2528 999 2563 eum
1019 2514 1167 2565 incuriam
1183 2515 1285 2564 venisse
1303 2515 1385 2563 tradit

105 2601 272 2665 pugnabant,
297 2602 319 2650 si
341 2602 458 2665 venatio,
482 2605 513 2649 ut
530 2600 587 2649 lieri
605 2600 717 2663 solebat,
772 2599 819 2648 Dio
837 2596 888 2662 (60,
905 2597 929 2663 3,
947 2597 983 2662 2).

105 2687 209 2735 muneri
242 2687 397 2750 gladiatorio
426 2687 552 2736 adiuncta
583 2690 653 2748 erut,
684 2685 716 2734 ct.

104 2772 181 2822 Mart.
205 2773 253 2821 Xll
272 2770 313 2836 95,
331 2772 360 2822 7:
382 2772 585 2821 Matutinarum
601 2785 658 2819 noa
675 2771 716 2819 ul-

106 2857 174 2905 tima
194 2857 300 2919 praeda
324 2857 457 2919 ferarum.
476 2856 504 2906 V.
522 2854 566 2918 65,
585 2853 614 2904 8:
626 2855 717 2904 Fried-

104 2926 604 3005 mmsampmnmm

138 3028 252 3076 dictiaco
268 3028 305 3076 ad
320 3027 473 3090 prandium
487 3025 596 3088 populo.
619 3025 650 3073 ct.
670 3025 717 3074 Dio

104 3109 149 3175 37,
174 3110 220 3175 46,
241 3112 270 3161 4;
294 3109 310 3159 ὅ
332 3109 417 3176 δῆμος
434 3105 546 3159 ἀπαυατὶ
563 3105 642 3172 μεχρὶ
660 3105 716 3156 τότε

104 3191 149 3250 τὰς
180 3193 343 3260 ὁπλομαχίας
373 3190 510 3257 θεώμενος
541 3188 664 3257 ἐξανέστη
690 3209 716 3240 τε

103 3276 202 3343 μεταξὺ
233 3285 280 3330 τοῦ
312 3278 390 3344 ἔργου
419 3275 465 3327 καὶ
494 3274 601 3341 ἄριστον
625 3274 715 3326 εἵλετο.

104 3361 157 3413 Καὶ
184 3361 253 3414 τοῦτ’
283 3361 388 3414 ἐκεῖθεν
411 3360 559 3428 ἀρξάμενον
582 3359 629 3412 καὶ
652 3367 715 3423 νῦν,

104 3445 196 3504 ὁσάκις
214 3446 246 3499 ἂν
263 3447 279 3498 ὁ
295 3446 324 3498 τὸ
341 3445 439 3513 κράτος
458 3445 528 3513 ἔχων
545 3444 700 3513 ἀγωνοθετῇ
709 3485 716 3508 ,

103 3532 221 3600 γίγνεται.

136 3626 315 3670 automatum.
336 3624 367 3669 ut
378 3635 426 3669 vox
435 3619 535 3669 indicat
543 3624 585 3668 est
593 3619 717 3668 machina

104 3719 173 3769 quae
203 3709 296 3768 sponte
328 3705 427 3753 moveri
458 3704 576 3766 videtur,
612 3703 657 3752 sed
682 3703 715 3752 ad

105 3804 171 3854 quos
194 3804 260 3839 usus
278 3804 309 3838 ea
326 3790 354 3837 in
371 3788 527 3837 muneribus
545 3787 717 3836 adhiberetur

105 3875 253 3925 accuratius
272 3889 324 3923 non
342 3874 471 3923 novimus.

134 3974 236 4023 pcpma
267 3960 284 4008 i.
311 3973 332 4007 e.
359 3958 483 4007 machina
513 3958 616 4020 lignea,
647 3971 715 4020 quae

104 4049 196 4108 sponte
222 4058 331 4108 surgere
354 4048 471 4106 poterat,
497 4042 530 4091 cl.
554 4041 653 4091 Seneca
676 4055 714 4103 ep.

104 4128 146 4193 88,
179 4128 225 4179 22:
258 4134 390 4193 pegmata
420 4143 471 4191 per
505 4141 532 4176 se
565 4127 715 4188 surgentia.

104 4214 214 4264 Phaedr.
238 4214 259 4264 V
284 4214 306 4263 7.
332 4212 354 4262 7.
381 4213 439 4262 lun.
464 4211 498 4260 IV
515 4210 564 4261 422
582 4210 638 4273 (ubi
657 4212 715 4260 vide

105 4296 292 4360 Friedldnder).
324 4298 400 4347 Mart.
432 4296 517 4360 Spect.
547 4297 576 4361 1,
606 4296 630 4348 1.
655 4297 716 4346 Vita

106 4382 190 4434 Caria.
208 4382 249 4432 19.

135 4470 217 4518 sicat
232 4474 290 4518 erat
309 4474 422 4531 topatus.
440 4472 502 4531 toga
519 4472 611 4516 autem
629 4466 714 4515 homi·

804 2690 836 2733 ut
861 2685 991 2734 dicturus.
1018 2686 1050 2734 cl.
1077 2700 1098 2734 c.
1122 2683 1168 2748 42,
1195 2684 1241 2733 ubi
1264 2686 1385 2746 exempla

771 2773 906 2821 civilitatis
923 2771 1054 2835 congessit
1070 2769 1143 2819 Suet.

805 2858 989 2920 speculatores.
1015 2856 1211 2918 intelleguntur
1236 2855 1384 2916 speculato-

772 2957 826 3006 res,
844 2941 943 2990 milites
960 2940 1131 3003 praetoriani,
1148 2937 1254 3001 (diversi
1267 2954 1383 3002 aspecu-

772 3027 900 3076 latoribus
930 3026 1081 3089 legionum,
1115 3040 1231 3088 quorum
1263 3025 1383 3086 singulae

771 3113 889 3176 legiones
906 3112 987 3160 denos
1005 3109 1171 3173 habuerunt,
1189 3111 1221 3158 cl.
1240 3108 1383 3158 c.1.L.111

770 3195 920 3246 35144451
931 3212 960 3238 =
971 3196 1042 3245 Dess.
1053 3191 1245 3243 1113751381.
1259 3193 1282 3241 Il
1292 3192 1383 3256 4111),

770 3282 874 3344 saepius
891 3281 919 3329 in
936 3281 1023 3330 titulis
1040 3278 1172 3342 (exempla
1183 3278 1289 3341 collegit
1298 3275 1384 3326 Gauer

770 3367 834 3430 Eph.
861 3367 946 3431 Epigr.
973 3365 1007 3414 IV
1034 3381 1056 3428 p.
1083 3361 1131 3413 461
1156 3360 1225 3427 sqq.)
1243 3363 1383 3412 memorati

770 3449 940 3516 (plerumque
963 3451 1034 3500 nude
1058 3450 1209 3512 speculator
1231 3449 1272 3497 vel
1289 3463 1383 3511 specu-

771 3539 842 3586 lator
858 3537 974 3586 cohortis
992 3537 1067 3585 illius
1082 3536 1230 3598 invenitur,
1248 3549 1382 3583 nonnum-

770 3637 852 3685 quam
870 3637 931 3671 vero
949 3622 1097 3684 speculator
1107 3620 1231 3669 Caesaris
1240 3618 1383 3681 (Augusti,

771 3707 895 3758 Caesaris
911 3704 1055 3770 Augusti),
1070 3707 1103 3756 cl.
1113 3705 1140 3756 O.
1150 3707 1169 3754 l.
1180 3705 1208 3754 L.
1218 3705 1251 3754 Vl
1261 3703 1342 3754 lanta
1351 3720 1381 3747 =

770 3790 843 3841 1781.
861 3791 928 3840 1755
946 3808 976 3834 =
995 3792 1066 3840 Dess.
1083 3788 1157 3839 oola.
1175 3789 1249 3840 1145.
1264 3790 1298 3840 Vl
1307 3787 1381 3838 1669.

770 3876 807 3925 Ill
828 3875 902 3926 4843.
926 3874 1011 3939 5223).
1034 3876 1083 3924 Eos
1105 3879 1167 3924 ante
1190 3874 1381 3937 Vespasianum

769 3967 797 4011 et
819 3963 908 4011 adhuc
925 3961 975 4011 sub
990 3962 1050 4024 illo,
1074 3975 1238 4024 quamquam
1258 3974 1303 4023 per
1319 3974 1381 4008 cen·

769 4048 854 4096 turias
866 4047 1015 4096 cohortium
1027 4047 1218 4110 praetoriarum
1231 4045 1382 4107 dispositos,

769 4147 864 4195 corpus
888 4146 903 4180 a
926 4131 1078 4180 cohortibus
1095 4131 1232 4194 praetoriis
1249 4135 1379 4178 secretum

769 4217 886 4265 ellecisse
932 4220 1003 4265 recte
1046 4216 1152 4279 collegit
1191 4213 1277 4263 Cauer
1316 4213 1380 4276 Eph.

769 4301 855 4365 Epigr.
881 4302 898 4349 l.
921 4302 938 4349 l.
965 4316 988 4363 p.
1015 4300 1064 4350 464
1091 4315 1121 4349 ex
1148 4300 1290 4363 diplomate
1316 4298 1380 4348 Ves-

769 4385 869 4447 pasiani
895 4384 922 4434 O.
946 4386 966 4434 l.
987 4385 1014 4434 L.
1041 4385 1076 4434 ΙΙΙ
1101 4401 1124 4448 p.
1148 4383 1198 4432 853
1217 4401 1246 4426 =
1265 4384 1335 4433 Dess.
1354 4399 1380 4433 n.

768 4467 847 4518 loos:
887 4470 1001 4518 aomina
1035 4470 1234 4531 speculatorum
1267 4471 1315 4532 qui
1349 4471 1381 4519 a'u

104 4567 164 4602 nem
191 4552 224 4602 ad
248 4552 430 4602 dimicandum
454 4565 612 4614 magnopere
630 4551 714 4612 impe·
766 4556 904 4617 praetorio
936 4569 995 4603 meo
1021 4555 1210 4603 militaverunt
1234 4555 1300 4603 item
1325 4556 1379 4603 mi-

103 4636 159 4687 diit.
184 4635 357 4686 Gasaubouus
380 4637 437 4686 sine
459 4651 538 4685 causa
561 4635 657 4685 maluit
675 4641 714 4684 to·
769 4640 849 4687 litum
872 4641 920 4701 qut
942 4641 973 4688 ia
990 4638 1142 4687 cohortibus
1159 4653 1254 4688 aoucm
1269 4645 1379 4701 praeto-

102 4729 199 4783 patum
208 4720 301 4771 utGai.
310 4721 356 4772 45:
374 4722 714 4771 sicaterarctloricatos—
768 4725 820 4772 rtis
836 4729 862 4771 et
878 4722 1245 4785 qrcattuorurbaaissubiecl.
1264 4722 1379 4781 Quibus-

100 4807 264 4857 adhortatas
287 4813 339 4871 est,
363 4823 426 4857 nam
449 4808 554 4871 saepius
571 4807 714 4857 Suetonius
768 4822 829 4855 cum
861 4807 996 4870 congruit,
1027 4807 1098 4870 quod
1131 4822 1192 4856 suos
1220 4808 1379 4871 praepositos

99 4888 303 4943 Nominativum
321 4891 402 4940 habet
419 4896 477 4955 post
493 4892 531 4940 sic
543 4897 574 4940 ut
591 4897 663 4954 erat,
681 4891 713 4940 cl.
768 4890 915 4940 habebant:
937 4891 1071 4955 optionem
1093 4896 1121 4944 et
1142 4892 1312 4944 tesserarium
1331 4907 1378 4944 uo·
