3322 5512
88 532 126 608 C.
153 537 209 606 41.

919 351 976 409 164

352 531 449 608 XLI.
500 533 689 608 Historiam
724 534 770 618 in,
794 534 1050 628 adulescentia,
1084 533 1243 610 hortante
1277 533 1319 609 T.
1354 531 1475 630 Livio,
1508 537 1590 611 Sul-

305 659 393 755 picio
420 682 501 734 vero
527 659 641 732 Flavo
667 659 771 733 etiam
801 658 1008 752 adiuvante,
1043 659 1195 733 scribere
1221 671 1501 756 aggressusest.
1542 662 1591 734 Et

302 808 379 858 cum
415 785 563 880 primum
594 785 764 879 frequenti
800 783 970 858 auditorio
1003 784 1250 878 commisisset,
1284 809 1392 881 aegre
1418 785 1591 882 perlegit,

303 909 530 1004 refrigeratus
564 932 670 1005 saepe
704 933 726 981 a
756 918 867 982 semet
890 909 975 1004 ipso.
1012 910 1103 982 Nam
1129 932 1208 983 oum
1233 909 1331 983 initio
1356 910 1591 1004 recitationis,

303 1031 467 1108 defractis
493 1034 729 1129 compluribus
754 1033 931 1106 subselliis
957 1034 1126 1107 obesitate
1151 1033 1352 1129 cuiusdam,
1378 1035 1471 1107 risus
1488 1057 1590 1108 exor-

302 1168 360 1251 tus
394 1168 503 1250 esset,
539 1181 583 1231 ne
616 1157 737 1231 sedato
772 1156 911 1252 quidem
943 1158 1094 1231 tumultu
1119 1169 1315 1254 temperare
1340 1160 1471 1255 potuit,
1505 1159 1591 1255 quin

303 1307 346 1357 ex
384 1282 569 1357 intervallo
603 1281 751 1355 subinde
785 1281 876 1354 t'aeti
901 1282 1181 1355 reminisceretur
1206 1282 1462 1378 cachinnosque
1487 1306 1588 1357 revo-

303 1417 405 1481 caret.
444 1407 486 1480 ln
520 1406 715 1503 principatu
750 1429 888 1502 quoque
923 1415 958 1479 ct
991 1407 1131 1503 scripsit
1163 1407 1352 1502 plurimum
1386 1417 1421 1481 et
1446 1408 1591 1482 assidue

304 1532 461 1606 recitavit
497 1555 560 1629 per
593 1532 766 1605 lectorem.
801 1532 943 1604 Initium
978 1541 1093 1604 autem
1129 1531 1277 1628 sumpsit
1310 1531 1476 1607 historiae
1510 1545 1591 1629 post

304 1657 446 1730 eaedem
482 1656 646 1730 Caesaris
672 1657 867 1746 dictatoris,
903 1657 966 1730 sed
1000 1656 1137 1730 transiit
1171 1656 1218 1729 ad
1243 1656 1408 1730 inferiora
1432 1666 1591 1754 tempora

305 1782 484 1877 coepitque
509 1805 532 1853 a
556 1804 643 1876 pace
669 1781 779 1872 civili,
820 1805 900 1854 cum
925 1780 1068 1854 sentiret
1094 1804 1207 1876 neque
1232 1781 1341 1855 libere
1366 1805 1479 1877 neque
1506 1806 1589 1855 vere

304 1908 369 1980 sibi
411 1907 456 1980 de
490 1907 728 2022 superioribus
763 1905 923 1979 tradendi
959 1916 1167 2002 potestatem
1200 1906 1376 1993 relictam,
1410 1917 1590 2002 correptus

347 2061 455 2120 Seneca
482 2062 599 2138 Apoeol.
627 2065 654 2119 5.
676 2064 704 2119 4.
747 2061 891 2120 Claudius
918 2061 1030 2136 gaudet
1057 2077 1124 2119 esse
1151 2059 1215 2118 illio
1242 2059 1410 2136 philologos
1438 2059 1589 2132 homines,

305 2173 405 2243 sperat
429 2169 564 2226 futurum
585 2168 717 2244 aliquem
739 2167 872 2226 historiis
894 2167 956 2225 suis
977 2167 1085 2226 locum.

304 2311 321 2359 3
346 2318 373 2361 et
396 2313 517 2361 Philostr.
535 2313 585 2362 vit.
604 2312 687 2374 Apoll.
706 2312 721 2360 5
739 2309 791 2374 (ed.
810 2312 915 2374 liaysl
1005 2311 1135 2372 &fractis
1166 2311 1354 2374 compluribus
1379 2310 1525 2360 subselliis.
1557 2324 1587 2358 ex

306 2413 328 2460 p.
338 2396 413 2459 tam:
429 2394 549 2451 παιδείας
564 2392 593 2445 δὲ
602 2392 741 2460 ξυμπάσης
750 2392 838 2445 ἐδόκει
847 2393 917 2458 ε’ρᾶν.
973 2400 1046 2459 parte
1068 2396 1151 2458 igitur
1173 2396 1201 2444 in
1225 2396 1356 2446 auditorio
1379 2400 1411 2444 ut
1434 2397 1462 2445 in
1484 2396 1588 2459 amphi-

342 2482 368 2530 Τ.
379 2482 461 2530 Liuio.
476 2482 646 2531 celeberrimo
657 2482 918 2543 historiarumserip-
972 2482 1077 2529 theatro
1104 2481 1200 2530 sedisse
1227 2482 1359 2531 videntur.
1388 2481 1470 2530 llomo
1493 2481 1589 2530 obesus

305 2567 369 2629 tori,
387 2567 434 2629 qui
451 2567 568 2616 am1citia
587 2567 699 2630 Augusti
715 2566 868 2626 fruebatur,
886 2565 918 2614 cf.

305 2652 364 2700 Tac.
382 2652 450 2699 Anu.
470 2651 503 2701 lV
520 2650 566 2700 34:
594 2651 620 2700 Τ.
639 2652 731 2700 Livius
749 2651 919 2713 eloquentiae

306 2752 338 2784 ne
355 2736 419 2799 fidei
436 2737 594 2798 praeclarus
607 2737 760 2799 inprimis,
780 2735 826 2784 Cn.
836 2735 918 2784 Poni-

306 2822 397 2882 peinrn
424 2821 506 2869 tontis
530 2821 657 2870 latidibas
681 2822 756 2883 tulit,
784 2827 814 2869 nt
837 2820 918 2869 Porn-

305 2905 920 2970 polanumenninupusrnsappeltarenneque

306 2991 335 3038 id
364 2992 502 3039 curicitico
531 3005 626 3039 corana
650 2991 747 3053 offecit.
782 2991 870 3039 Livius
896 3005 918 3038 a.

308 3073 398 3139 770t17
417 3080 538 3125 mortuus
555 3081 597 3124 est
614 3074 724 3125 Claudio
739 3090 840 3124 annum
851 3076 919 3124 trice-

307 3161 405 3209 simum
423 3166 529 3210 sextum
548 3161 588 3208 uel
607 3160 750 3222 septimum
769 3165 864 3223 agento

340 3244 460 3306 Sulpicio
486 3245 575 3293 Flrioo.
599 3245 631 3294 cf.
656 3245 688 3293 ad
715 3260 735 3294 c.
754 3244 782 3292 4:
800 3243 920 3306 Sulpicio

308 3344 361 3378 sno.
381 3329 464 3378 Homo
482 3330 588 3392 ignotus
606 3334 653 3378 est.

341 3415 478 3463 auditorio
488 3414 820 3463 commisisseti.e.iudicio
830 3427 921 3461 eorum

307 3501 398 3563 quiin
417 3499 548 3548 auditorio
566 3504 641 3548 erant
659 3499 844 3547 summisisset.
863 3498 922 3547 His-

308 3585 388 3633 torias
412 3598 519 3647 quoque
541 3584 664 3632 recitatas
682 3598 739 3632 esse
757 3588 849 3630 notum
869 3588 922 3642 est,

308 3670 339 3718 ef.
358 3670 425 3732 hug.
443 3667 489 3717 89:
507 3668 785 3730 recitantis-andin,
803 3673 922 3716 nectun-

309 3761 367 3802 tnne
385 3755 510 3803 coracina
527 3760 553 3802 et
571 3753 711 3814 historias,
729 3753 776 3800 sed
794 3757 820 3800 et
837 3753 922 3800 orati-

309 3853 371 3886 ones
389 3844 413 3886 et
432 3838 561 3900 dialogos.
578 3837 679 3886 Seneca
693 3834 789 3898 epus,
807 3836 836 3884 7;
854 3838 921 3885 ruci-

310 3930 381 3971 tator
405 3923 548 3971 historiens
571 3923 710 3982 torpentem
729 3921 830 3969 attulit.
855 3921 922 3969 Plin.

308 4023 347 4070 ep.
368 4008 377 4055 l
395 4005 441 4060 13,
459 4005 482 4055 8.

341 4092 522 4153 refrigeratus
548 4106 565 4138 α
591 4097 674 4139 reniet
699 4091 758 4152 ipso
782 4091 798 4138 i.
822 4105 844 4138 e.
869 4090 923 4153 ipse

308 4177 395 4226 eliecit
420 4182 451 4224 ut
476 4190 537 4224 oum
565 4175 661 4238 frigore
688 4175 864 4237 acciperetur,
890 4175 922 4223 cf.

309 4260 360 4309 (lic.
378 4262 409 4310 ad
431 4261 502 4308 Fam.
521 4259 566 4308 Vll
585 4258 615 4320 8,
632 4258 661 4307 l:
685 4259 848 4321 refrigerato
866 4261 923 4308 iant

309 4347 444 4395 leuissinro
467 4360 590 4394 sermone
609 4345 751 4393 hominurn
767 4346 922 4407 prouincia-

310 4432 395 4491 linni,·
421 4431 537 4480 Velleius
563 4430 586 4478 ll
612 4428 658 4478 83:
685 4429 866 4490 refrigeratus
890 4431 923 4478 ab

309 4515 435 4564 Antonio.
463 4515 552 4573 Quint.
580 4516 597 4564 l.
622 4513 651 4564 Ο.
676 4514 743 4575 V7,
761 4513 807 4563 76τ
830 4520 923 4563 testeni

309 4600 500 4648 arlaunoelicto
517 4599 693 4661 refrigerare.
712 4599 812 4661 Fripns
827 4599 877 4648 hac
891 4600 922 4647 de

310 4699 338 4732 re
356 4685 512 4733 uocabulum
532 4686 660 4733 usitatum
677 4688 731 4746 ost,
749 4684 781 4733 ef.
798 4683 857 4733 llor.
868 4683 922 4733 Sat.

311 4769 348 4829 ll,
367 4768 394 4829 l,
414 4767 454 4816 67.
472 4768 532 4817 Seu.
550 4784 589 4831 ep.
608 4767 730 4830 177,11.
749 4768 815 4817 Plin.
834 4784 873 4831 ep.
892 4768 921 4830 o,

309 4851 356 4915 ts,
374 4851 397 4902 4,
416 4851 489 4901 Suet.
507 4853 573 4916 Aug.
591 4852 632 4903 66.

973 2567 999 2614 in
1024 2566 1203 2629 superioribus
1225 2566 1359 2615 subselliis
1381 2565 1463 2628 sedit,
1493 2566 1589 2629 quibus

973 2651 1100 2712 effractis,
1119 2650 1216 2699 decidit
1233 2650 1260 2699 in
1269 2650 1408 2712 inferiora,
1427 2665 1497 2713 quae
1508 2651 1588 2699 simul

973 2735 1139 2785 corruebant.

1007 2821 1130 2869 recitauit
1145 2835 1197 2883 per
1215 2821 1347 2870 lectorem.
1366 2824 1471 2883 propter
1480 2819 1588 2883 linguae

973 2905 1146 2954 titubantiam
1173 2902 1217 2967 (ef.
1244 2920 1265 2955 c.
1291 2903 1350 2967 30),
1377 2919 1431 2967 qua
1454 2905 1486 2953 de
1511 2918 1590 2953 causa

974 2991 1055 3039 etiam
1081 3004 1113 3038 ea
1138 2989 1170 3037 de
1196 2989 1294 3052 quibus
1319 2989 1347 3037 in
1372 2992 1466 3037 senatu
1492 2988 1590 3037 referre
1614 3034 1616 3040 .

975 3076 1055 3124 uellet
1077 3089 1154 3137 saepe
1178 3073 1312 3137 quaestori
1336 3088 1384 3122 suo
1404 3073 1519 3136 legenda
1536 3078 1590 3121 tra-

975 3158 1055 3220 didit,
1081 3157 1112 3206 ef.
1138 3157 1185 3206 Dio
1210 3155 1256 3220 bl),
1279 3156 1310 3221 7,
1333 3156 1363 3206 7ε
1387 3153 1433 3206 καὶ
1451 3152 1495 3206 διὰ
1514 3160 1591 3205 τοῦτο

975 3237 1021 3290 καὶ
1053 3245 1091 3304 τῷ
1123 3237 1265 3304 φωνήματι
1297 3237 1440 3306 ἐσφάλλετο
1446 3279 1453 3302 ,
1486 3237 1533 3290 καὶ
1559 3237 1590 3290 οὐ

974 3322 1057 3375 πάντα
1073 3323 1122 3375 ὅσα
1137 3322 1163 3380 ἒς
1178 3322 1207 3374 τὸ
1220 3322 1357 3390 συνέδριον
1371 3322 1497 3390 ἐσέφερεν
1512 3321 1591 3378 αὐτὸς

976 3409 1181 3476 ἀνεγίγνωσκεν,
1213 3407 1278 3461 ἀλλὰ
1304 3415 1341 3474 τῷ
1368 3407 1461 3474 ταμίᾳ,
1490 3406 1538 3475 τήν
1563 3427 1592 3474 γε

976 3493 1085 3560 πρώτην
1102 3492 1148 3545 καὶ
1164 3492 1260 3560 παρὼν
1277 3493 1315 3550 ὥς
1328 3512 1357 3560 γε
1371 3491 1482 3560 πλήθει,
1500 3490 1592 3544 ἀναλέ-

976 3579 1069 3646 γεσθαι
1086 3578 1184 3631 ἐδίδου.
1520 3626 1525 3631 .

1010 3669 1063 3717 sed.
1082 3668 1155 3716 codd.
1174 3667 1274 3716 habent
1291 3666 1336 3714 sed
1354 3671 1388 3714 et.
1405 3665 1485 3714 Recte
1500 3669 1592 3713 tamen

977 3753 1123 3816 Madvigius
1149 3753 1213 3800 hdr.
1239 3751 1302 3801 crit.
1330 3750 1352 3798 ΙΙ
1371 3765 1395 3812 p.
1413 3747 1462 3797 578
1485 3754 1511 3797 et
1535 3754 1593 3811 post

977 3837 1145 3898 Torrentium
1172 3837 1250 3885 eiecit
1272 3833 1398 3897 (Rothius
1415 3831 1511 3897 tacet),
1530 3847 1592 3882 nam

977 3922 1111 3971 sententia
1129 3921 1228 3970 nudam
1247 3920 1437 3983 oppositionem
1456 3919 1514 3967 sine
1531 3933 1592 3981 gra-

977 4006 1083 4054 datione
1102 4006 1211 4068 flagitat.

1011 4092 1149 4152 coepitque
1175 4105 1191 4138 a
1212 4104 1279 4152 poce
1301 4090 1374 4138 civili
1391 4089 1407 4137 i.
1431 4102 1454 4137 e.
1479 4087 1542 4136 inde
1560 4087 1593 4136 ab

978 4190 1048 4223 anno
1080 4172 1172 4237 lastae
1204 4173 1253 4236 (ita
1284 4188 1391 4237 quoque
1420 4172 1592 4235 Nipp-Andr.

978 4260 1058 4322 praef.
1072 4261 1130 4309 Tac.
1144 4256 1226 4308 Ann.⁹
1239 4274 1261 4321 p.
1271 4258 1317 4323 76,
1336 4258 1482 4307 buecheler
1490 4255 1592 4322 (Symb.

979 4346 1060 4395 llonn.
1086 4361 1109 4408 p.
1128 4344 1172 4407 48)
1196 4360 1257 4394 eum
1282 4345 1315 4393 ab
1336 4358 1407 4392 anno
1424 4339 1516 4405 turtur
1534 4356 1593 4391 coe-

978 4431 1046 4492 pisse
1065 4435 1155 4493 putat,
1176 4430 1208 4479 cf.
1221 4427 1310 4490 intra).
1328 4430 1469 4491 Perpetem
1485 4428 1594 4477 omnino

977 4514 1151 4564 Lehmannus
1183 4517 1199 4563 l.
1226 4516 1243 4563 l.
1270 4530 1293 4577 p.
1320 4512 1353 4562 84
1378 4513 1439 4562 inde
1465 4528 1482 4562 a
1508 4520 1593 4562 morte

977 4598 1067 4648 Sullae
1085 4600 1192 4648 initium
1211 4614 1273 4648 eum
1292 4598 1434 4661 sumpsisse
1452 4599 1543 4648 credit.

1010 4699 1097 4746 neque
1121 4685 1202 4735 libere
1225 4699 1312 4747 neque
1334 4698 1402 4734 cere.
1433 4683 1467 4733 cf.
1494 4683 1594 4733 Seneca

977 4769 1012 4817 lll
1031 4785 1054 4832 p.
1081 4768 1130 4817 737
1156 4768 1277 4831 (Haase):
1295 4771 1329 4818 nb
1352 4771 1434 4818 initio
1462 4769 1593 4818 bellarunt

976 4855 1184 4917 ciciliani,nnde
1191 4855 1425 4916 prininnioeritos
1433 4859 1508 4902 retro
1517 4852 1592 4901 alriit.
