3322 5512
788 349 842 408 141

174 560 263 632 pura
299 530 459 627 donavit3
498 558 562 608 nee
595 534 710 607 minus
743 534 917 626 Felicem,
954 557 1056 629 quem
1092 535 1288 610 cohortibus
1322 545 1356 610 et
1389 532 1455 610 alis

176 660 445 756 provinciaeque
479 659 632 733 Iudaeae
668 659 885 755 praeposuit,
918 659 1022 732 trium
1048 661 1248 754 reginarum
1274 662 1454 754 maritum3

217 812 279 871 Τοο.
309 815 388 871 Ανινι.
418 811 486 870 XII
510 814 551 870 54
578 815 615 887 (a.
646 814 785 887 eustos).
826 813 919 871 irater
949 811 1015 871 eius
1047 812 1228 889 (Pallantis),
1262 820 1455 890 cognomento

173 918 276 992 Felix,
297 951 337 960 -
358 919 417 978 iam
438 919 555 996 pridem
576 919 704 978 Iudaeae
724 919 891 995 impositus.

217 1027 280 1085 Τοο.
302 1026 379 1085 Hist.
408 1022 478 1084 Va
522 1026 664 1085 Claudius
689 1026 891 1085 -Iudaeam
922 1025 1108 1102 provinciam
1136 1027 1287 1104 equitibus
1315 1028 1455 1087 Romanis

173 1139 226 1192 aut
254 1133 369 1192 libertis
397 1133 547 1210 permisit,
576 1152 593 1192 e
621 1133 730 1210 quibus
758 1134 906 1192 Antonius
926 1133 1012 1192 Felix
1033 1152 1088 1209 per
1108 1152 1224 1193 ornnem
1247 1135 1401 1194 saevitiam
1421 1154 1456 1194 ae

174 1239 328 1298 libidinem
350 1239 398 1298 ius
419 1239 535 1314 regium
557 1239 659 1298 servili
680 1240 798 1316 ingenio
820 1239 971 1313 exercuit,
993 1240 1126 1299 Drusilla
1148 1241 1321 1318 Cleopatrae
1342 1246 1373 1301 et
1393 1244 1454 1301 An·

173 1347 247 1405 tonii
268 1353 357 1424 nepte
378 1347 410 1404 in
431 1346 651 1405 matrimonium
673 1353 809 1423 accepta,
832 1352 866 1405 ut
887 1347 1021 1406 eiusdem
1043 1348 1165 1407 Antonii
1186 1348 1272 1408 Felix
1293 1367 1453 1426 progener,

175 1454 318 1513 Claudius
338 1472 431 1531 nepos
451 1461 540 1513 esset.

213 1560 702 1636 respondendnm,
726 1562 790 1618 137.
834 1559 950 1636 πέμπει
993 1560 1024 1623 δὲ
1068 1560 1119 1624 καὶ
1154 1562 1303 1634 Κλαύδιος
1336 1563 1454 1637 Φήλικα

175 1666 360 1739 Πάλλαντος
383 1667 521 1748 άδελΦδν
546 1667 603 1730 τῶν
628 1665 712 1729 κατά
736 1666 790 1740 τὴν
815 1664 963 1730 Ἰουδαίαν
989 1667 1229 1746 προστησάμενον
1247 1669 1454 1749 πραγμάτων.

213 1775 329 1852 loseph.
351 1776 421 1834 Bell.
442 1775 508 1834 Iud.
529 1774 565 1833 II
581 1776 635 1848 12,
659 1777 693 1847 8,
717 1776 786 1833 247.
828 1772 911 1850 μετά
935 1781 1037 1838 ταῦτα
1054 1775 1205 1846 Ἰουδαίας
1221 1776 1277 1853 μὲν
1293 1775 1454 1855 ἐπίτροπον

174 1882 292 1956 Φήλικα
316 1881 365 1944 τὸν
390 1880 575 1951 Πάλλαντος
597 1878 735 1960 άδελΦδν
759 1878 914 1955 ἐκπέμπει
938 1887 992 1953 τῆς
1015 1905 1049 1944 τε
1074 1881 1248 1952 Γαλιλαίας
1271 1881 1323 1946 καὶ
1338 1893 1454 1960 Σαμα-

175 1989 255 2068 ρείας
278 1988 330 2052 καὶ
355 1990 498 2069 Περαίας.

216 2096 329 2156 Suidas
350 2116 373 2156 s.
395 2116 420 2155 ο.
443 2095 657 2164 Κλαύδιος.
705 2090 748 2159 dm
779 2094 831 2158 ἐπὶ
854 2097 946 2160 αὐτοῦ
971 2095 1200 2160 στασιασάντων
1224 2097 1281 2160 τῶν
1305 2097 1454 2162 Ἰουδαίων

175 2203 259 2269 κατά
284 2204 462 2283 Χριστιανῶν
487 2200 625 2282 άρχοντα
650 2201 814 2275 ἐπέστησεν
839 2204 940 2274 αὐτοῖς
964 2203 1112 2270 Κλαύδιον
1131 2204 1301 2288 (Κλαύδιος
1316 2205 1452 2290 Brotier)

175 2313 303 2383 Φήλικα.

175 2499 254 2533 suum
278 2482 305 2532 C.
330 2482 487 2532 Stertinium
511 2482 715 2544 Xenophontem
733 2481 788 2541 (hic

175 2574 266 2617 tamen
277 2568 412 2630 ingenuus
421 2567 486 2628 fuit,
509 2567 541 2616 ci.
551 2567 609 2616 Tae.
620 2565 687 2614 Ann.
697 2566 745 2614 Xll
754 2565 783 2614 61

175 2652 201 2702 C.
214 2654 231 2702 1.
243 2653 269 2702 L.
288 2651 322 2700 Vl
340 2650 413 2700 8905.
432 2650 614 2701 InscuoiCoS.
625 2649 786 2710 16.81-91)

171 2736 252 2787 'hasta
285 2751 352 2800 pura
384 2742 411 2785 et
444 2736 553 2799 insuper
584 2751 679 2785 corona
705 2751 787 2784 aurea

175 2820 296 2885 donavit,
320 2823 351 2870 ei.
370 2822 402 2870 ad
421 2837 442 2870 c.
458 2820 503 2870 ll:
533 2823 706 2883 triumphum
725 2822 786 2883 epit.

207 2907 332 2958 Felicem.
359 2908 382 2956 is
403 2908 452 2956 hoc
475 2909 530 2956 loco
553 2911 581 2955 et
603 2905 694 2968 (Vici.)
717 2907 750 2955 lV
773 2906 786 2955 7

177 2993 288 3042 libertus
306 2991 409 3041 Claudii
425 2992 505 3040 luisse
516 2991 625 3052 dieitur,
644 2991 687 3039 sed
702 3006 787 3040 cuma

175 3076 264 3126 Tacito
282 3076 360 3137 (Hist.
379 3076 400 3124 V
418 3074 445 3136 9)
463 3075 594 3125 Antonius
612 3076 683 3124 Felix
697 3078 786 3139 appel-

175 3163 252 3222 letur,
266 3161 322 3210 sine
332 3160 411 3210 dubio
421 3160 532 3210 libertus
541 3161 684 3223 Antoniae,
695 3162 788 3211 matris

176 3245 279 3295 Claudii
300 3246 353 3294 suit
370 3250 401 3294 ut
417 3245 500 3294 frater
517 3260 623 3308 quoque
642 3246 727 3294 Pallas
744 3243 788 3307 (de

175 3344 227 3392 quo
245 3329 271 3377 id
287 3327 409 3391 constat),
424 3329 587 3392 plenumque
597 3345 692 3378 nornen
703 3332 727 3379 ei
736 3331 788 3380 init

174 3414 209 3463 M.
227 3414 359 3463 Antonius
377 3414 447 3462 Felix
464 3411 545 3477 (apud
563 3415 707 3477 losephum
726 3415 786 3464 Ant.

176 3499 232 3548 lud.
256 3499 305 3547 XX
331 3496 344 3560 ἓ
367 3497 413 3547 131
434 3498 506 3547 eodd.
526 3498 624 3548 habent
641 3495 788 3563 Κλαύδιον,

175 3584 290 3646 epitome
311 3598 372 3632 vero
389 3579 533 3638 Κλαύδιος,
558 3597 639 3645 quam
658 3589 728 3633 reete
746 3599 784 3633 se-

175 3673 254 3718 cutus
270 3672 318 3716 est.
339 3683 360 3716 v.
378 3668 409 3716 el.
427 3667 528 3727 Naber;
556 3682 621 3715 num
639 3668 708 3730 apud
727 3667 787 3718 Sui-

175 3753 236 3802 dam
267 3754 284 3801 l.
317 3768 339 3801 e.
371 3767 431 3800 eum
458 3751 560 3800 Brotier
585 3748 716 3806 Κλαύδιος
743 3768 788 3815 pro

174 3838 295 3887 codicum
321 3837 433 3885 lectione
458 3832 592 3885 Κλαύδιον
619 3837 787 3887 scribendum

174 3923 222 3985 sit,
245 3918 358 3981 dubito).
383 3921 544 3970 Nominatus
568 3920 594 3971 C.
619 3922 683 3970 1.1..
703 3921 787 3971 vat:

175 4007 204 4056 L.
230 4005 335 4056 Anneio
359 4006 387 4055 L.
414 4006 432 4068 s.
452 4007 571 4055 Domitio
589 4006 704 4055 Proculo
721 4006 787 4068 etla-

174 4089 297 4150 ricsimo)
309 4089 418 4154 pidem)
426 4093 571 4154 pronepoti
580 4091 683 4140 Antoni
690 4091 789 4141 Felicis

175 4175 296 4226 Antonia
320 4174 507 4225 Clementiana
523 4178 594 4225 auia.
616 4176 645 4226 L.
663 4177 688 4224 d.
706 4177 731 4226 d.
750 4176 788 4234 d.)

176 4261 256 4309 Plura
272 4260 305 4308 de
320 4274 350 4308 eo
360 4259 441 4309 habes
449 4265 519 4324 apud
530 4261 787 4325 Pauly-WissoWa,

176 4344 317 4394 Real-Ene.
335 4345 346 4392 l
364 4360 389 4407 p.
406 4343 480 4395 aeti.

179 4474 181 4479 .
208 4429 361 4479 cohortibus
379 4436 404 4479 et
421 4431 480 4479 ulis.
507 4431 562 4480 sine
580 4430 660 4480 dubio
678 4431 785 4480 demum

177 4519 317 4578 postquam
351 4514 477 4564 beneficio
512 4514 615 4564 Claudii
656 4517 787 4564 natalium

177 4599 345 4648 restitutione
368 4613 450 4662 eques
474 4600 547 4650 Rom.
570 4601 657 4650 faetus
680 4607 733 4663 est,
755 4601 787 4650 ef.

178 4683 323 4733 Mommsen
347 4682 407 4732 StR.
430 4681 466 4731 11⁸
482 4682 530 4732 831
548 4684 569 4733 A
588 4684 601 4734 1
623 4701 652 4728 =
672 4683 707 4734 11²
725 4683 788 4746 808;

179 4767 336 4831 Hirschfeld,
363 4766 442 4817 Sitzb.
469 4768 536 4818 Berl.
563 4769 646 4819 Akad.
672 4767 738 4818 taso
764 4783 787 4831 p.

178 4849 238 4915 4233
256 4851 357 4915 Herzog
372 4851 397 4900 ΙΙ
414 4849 461 4900 911
481 4850 502 4899 A
520 4851 544 4901 o.

875 2482 955 2531 Recte
986 2489 1078 2533 autem
1105 2484 1243 2533 Lehmann
1270 2486 1285 2533 l.
1313 2486 1329 2532 1.
1356 2498 1379 2546 p.
1405 2481 1454 2532 ael

842 2565 953 2616 Felicem
977 2569 1034 2616 alae
1058 2568 1269 2618 Caesariensium
1287 2572 1314 2616 et
1331 2567 1453 2618 Sebaste-

841 2666 936 2699 norum
963 2657 990 2700 et
1013 2653 1132 2717 quinque
1149 2653 1316 2715 cohortibuS,
1340 2652 1453 2715 quaein

842 2735 938 2784 ludaea
968 2736 1115 2787 tendebant
1146 2738 1291 2800 praefuisse
1323 2738 1386 2787 dicit
1409 2735 1453 2798 (ci.

840 2820 942 2884 loseph.
962 2820 1022 2870 Ant.
1041 2822 1097 2870 lud.
1115 2821 1162 2870 XX
1179 2820 1209 2886 9,
1228 2821 1256 2883 2,
1275 2819 1332 2870 365.
1346 2821 1453 2870 Hirsch-

841 2905 894 2953 ield
915 2907 931 2953 1.
951 2907 965 2954 1Ι
986 2905 1015 2954 Α.
1034 2904 1084 2966 13).

871 2993 1028 3052 provinciae
1045 2992 1169 3043 iudaeae.
1197 2993 1296 3041 Iudaea
1313 2997 1372 3054 post
1384 3007 1453 3041 mor-

841 3081 895 3125 tem
920 3077 1028 3126 Herodis
1053 3077 1182 3140 Agrippae
1204 3077 1214 3125 1
1232 3076 1267 3137 (a.
1286 3074 1388 3139 7117111)
1405 3077 1454 3126 sub

842 3162 1053 3224 procuratoribus
1071 3162 1137 3224 init,
1160 3162 1191 3211 ei.
1209 3162 1292 3224 Marq.
1311 3160 1371 3211 StV.
1390 3159 1412 3209 1²
1430 3177 1453 3226 p·

841 3245 897 3294 111.
917 3244 973 3304 Quo
991 3250 1081 3295 autem
1099 3261 1169 3296 anuo
1187 3247 1258 3295 Felix
1273 3246 1296 3295 ei
1307 3246 1454 3309 provinciae

841 3330 979 3392 impositus
1001 3330 1048 3391 sit,
1072 3331 1214 3380 incertum.
1240 3331 1308 3379 Nam
1326 3330 1455 3392 losephus

841 3414 902 3464 Ant.
920 3415 976 3477 lud.
992 3415 1039 3463 XX
1054 3414 1077 3478 7,
1093 3414 1116 3477 l,
1131 3413 1180 3464 137
1190 3416 1304 3464 Felicem
1314 3430 1336 3464 a.
1346 3415 1453 3463 demum

840 3496 933 3561 805t52
964 3500 992 3547 in
1019 3499 1144 3548 iudaeam
1170 3501 1281 3549 missurn
1309 3514 1365 3548 esse
1391 3498 1452 3546 dicit

842 3590 934 3634 contra
951 3585 1081 3647 Tacitum,
1097 3586 1143 3648 qni
1162 3586 1230 3634 Anu.
1249 3585 1296 3634 Xll
1313 3583 1345 3631 bl
1363 3583 1413 3631 sub
1430 3597 1452 3631 a.

843 3667 935 3726 805l52
953 3668 1019 3718 haec
1035 3668 1126 3718 hahet:
1143 3669 1263 3719 Felix-
1273 3671 1331 3717 iam
1343 3669 1453 3730 pridem

843 3755 958 3804 Iudaeae
983 3756 1136 3817 impositus.
1162 3780 1195 3788 -
1226 3753 1314 3815 Atque
1340 3753 1453 3801 interim

841 3840 921 3890 Felice
941 3839 1140 3901 intempestivis
1157 3839 1286 3888 remediis
1297 3838 1396 3887 delicto
1408 3851 1452 3886 uc-

841 3924 980 3984 cendebdt,
998 3924 1104 3971 mutulo
1117 3923 1153 3971 ud
1167 3923 1317 3972 deterrimo
1329 3920 1453 3971 Ventidio

843 4007 976 4071 Cunsuno,
1000 4010 1044 4056 cui
1073 4023 1160 4070 pura
1191 4009 1348 4070 prouinciae
1371 4006 1452 4055 hube-

842 4093 934 4156 batur,
959 4093 999 4141 ita
1027 4093 1143 4155 diuisae,
1177 4098 1207 4140 ut
1240 4092 1302 4140 huic
1334 4090 1452 4139 Galilae-

840 4191 920 4225 orum
937 4179 1027 4239 nutio,
1046 4176 1128 4225 Felici
1145 4175 1302 4225 Sanmritne
1313 4181 1452 4238 parerent.

842 4260 907 4310 Uter
923 4261 1023 4309 veriora
1039 4261 1179 4310 tradiderit
1195 4275 1248 4309 non
1265 4261 1342 4309 facile
1355 4259 1453 4307 diiudi-

841 4345 952 4407 caveris‚
978 4345 1043 4393 mihi
1070 4349 1160 4393 autem
1184 4349 1276 4393 auctor
1293 4343 1408 4392 iudaeus
1425 4343 1452 4392 in

842 4431 891 4479 hae
909 4443 936 4477 re
953 4429 1038 4491 potior
1054 4429 1130 4478 testis
1147 4435 1200 4491 est,
1218 4429 1250 4478 cf.
1269 4427 1385 4476 Sehiirer
1403 4427 1419 4475 l.
1435 4430 1451 4478 1.

841 4511 865 4562 1²
882 4529 904 4576 p.
923 4513 973 4563 176
991 4515 1011 4562 Α
1029 4512 1069 4563 13.

876 4599 961 4646 trium
978 4599 1139 4661 rapinarum
1156 4599 1296 4648 moritum.
1314 4599 1379 4648 duas
1391 4604 1452 4648 tan-

842 4688 901 4732 tum
925 4683 1060 4745 novimus,
1085 4683 1191 4745 utrique
1215 4698 1312 4731 nornen
1337 4684 1452 4732 Drusilla

842 4768 901 4817 fuit.
930 4768 1047 4816 Alteram
1074 4767 1217 4815 Drusillam
1243 4772 1350 4829 neptem
1376 4766 1451 4816 Cleo-

842 4856 932 4914 patrae
956 4860 982 4899 et
1003 4850 1110 4899 Antonii
1128 4851 1210 4900 inisse
1228 4851 1292 4900 dicit
1309 4850 1367 4900 Tae.
1386 4851 1451 4899 Hist.
