3322 5512
879 298 915 354 111

159 541 166 555 .
259 493 293 556 11
326 483 524 557 Germanici
560 506 750 578 cognomen
785 482 852 579 ipsi
887 483 1105 579 posterisque
1138 483 1222 556 eius.
1258 481 1387 554 Fuisse
1422 490 1538 554 autem

257 608 408 682 creditur
432 632 498 681 non
527 607 642 680 minus
667 607 809 703 gloriosi
835 631 940 702 quam
966 607 1079 680 civilis
1106 606 1229 701 animi3
1262 630 1344 678 nam
1370 630 1413 678 ex
1439 605 1539 678 hoste

257 757 362 831 super
396 733 560 807 victorias
593 732 708 829 opima
742 755 880 828 quoque
907 733 1019 829 spolia
1045 742 1207 828 captasse
1233 754 1438 826 summoque
1464 752 1539 802 sae-

257 857 336 954 pius
369 857 566 931 discrimine
600 856 708 930 duces
742 857 996 930 Germanorum
1031 866 1103 931 tota
1128 855 1203 930 acic
1228 855 1437 948 insectatus3
1476 877 1541 927 nec

258 981 499 1056 dissimulasse
549 1005 714 1077 umquam
765 980 947 1078 pristinum
998 1004 1036 1054 se
1087 980 1136 1053 rei
1187 979 1347 1076 publicae
1393 988 1541 1068 statum,

297 1198 358 1256 Dio
381 1200 437 1273 55,
461 1200 495 1272 2,
519 1200 548 1256 3.
591 1195 774 1275 sepnnvnn'c
798 1219 832 1260 τε
855 1194 1020 1273 μετὰτῶν
1046 1195 1162 1260 παίδων
1187 1192 1422 1272 ἐπονομασθείς.

303 1303 387 1362 Cone.
414 1303 453 1360 od
476 1303 542 1361 Dio.
570 1322 595 1361 o.
619 1305 691 1362 337.
733 1303 965 1380 gaudebuntque
997 1321 1068 1362 suae
1100 1301 1206 1362 merito
1234 1301 1408 1377 cognomine
1435 1300 1541 1375 gentis,

305 1409 387 1468 Ouid,
409 1410 489 1468 Fosi.
512 1409 541 1483 I,
564 1412 639 1483 597.
673 1409 713 1468 nt
733 1415 859 1469 mortem
880 1416 911 1469 et
931 1428 1038 1470 nomen
1060 1410 1157 1468 Druso
1180 1408 1339 1469 Germania
1359 1408 1441 1468 fecit.

299 1517 410 1575 Floras
430 1516 487 1589 JV,
509 1518 562 1591 12,
585 1518 637 1575 28.
679 1516 816 1593 Denique
854 1535 913 1575 non
950 1535 1005 1594 per
1035 1517 1237 1576 adulationem
1269 1516 1323 1576 sed
1350 1534 1389 1576 ex
1411 1515 1541 1589 meritis,

260 1623 401 1682 defuncto
421 1623 462 1683 ibi
484 1623 646 1682 fortissimo
667 1622 790 1697 iuvene,
818 1622 877 1699 ipsi
898 1624 978 1700 quod
1000 1642 1162 1701 numquam
1184 1623 1273 1697 alias,
1295 1629 1416 1682 senatus
1437 1641 1543 1697 cogno-

259 1748 328 1790 men
350 1748 388 1789 ex
410 1729 561 1807 provincia
583 1730 675 1790 dedit.

306 1837 430 1896 Velleius
451 1837 497 1911 ΙΙ,
519 1840 564 1896 97.
607 1837 701 1897 Cuius
722 1836 836 1915 (Drusi)
856 1837 1010 1912 ingenium
1033 1843 1133 1897 utrum
1154 1837 1270 1897 bellicis
1291 1836 1387 1912 magis
1402 1836 1542 1912 operibus

260 1964 297 2004 an
326 1944 466 2004 civilibus
495 1944 647 2004 suffecerit
673 1944 802 2017 artibus,
830 1944 861 2002 in
890 1944 1003 2004 incerto
1031 1951 1090 2004 est:
1121 1963 1238 2003 morum
1259 1949 1342 2004 certe
1363 1943 1490 2003 dulcedo
1511 1961 1546 2002 ac

261 2051 393 2110 suavitas
430 2057 461 2111 et
490 2051 636 2111 adversus
667 2050 778 2111 amicos
809 2069 904 2128 aequa
935 2071 970 2110 ac
1000 2070 1054 2128 par
1086 2051 1132 2110 sui
1163 2051 1329 2112 aestimatio
1359 2049 1546 2110 inimitabilis

261 2158 355 2218 fuisse
376 2157 494 2217 dicitur.

305 2266 367 2324 Tae.
388 2267 468 2324 Ann.
488 2265 535 2339 ΙΙ,
556 2267 607 2324 82.
648 2264 728 2324 Vera
756 2266 793 2325 de
815 2265 912 2324 Druso
934 2265 1060 2326 maiores
1082 2266 1212 2341 locutos
1238 2265 1400 2342 displicere
1422 2283 1546 2340 regnan·

261 2373 342 2433 tibus
363 2371 466 2432 civilia
486 2372 615 2432 filiorum
635 2373 763 2448 ingenia.

306 2479 367 2537 Tac.
388 2482 468 2538 Ann.
490 2479 518 2552 I,
542 2480 594 2538 33.
624 2477 741 2556 Quippe
756 2478 846 2537 Drusi
861 2497 969 2554 magna
983 2479 1139 2554 memoria,
1154 2480 1392 2556 credebaturque
1408 2479 1548 2538 sirenum

264 2586 376 2663 potitus
398 2591 478 2646 esset
498 2586 668 2646 libertatem
688 2584 871 2644 redditurus.
1324 2646 1326 2653 ,

307 2694 368 2752 Tne.
390 2695 469 2752 Ann.
491 2693 535 2767 ΙΙ,
560 2695 621 2752 82:
654 2692 725 2770 quia
750 2693 895 2770 populum
916 2692 999 2751 Rom.
1028 2711 1122 2770 aequo
1151 2693 1216 2752 iure
1244 2693 1404 2770 complecti
1432 2692 1549 2752 reddita

263 2802 400 2861 libertate
422 2799 600 2876 agitaverint
621 2800 749 2877 (Drusus
770 2804 801 2858 et
823 2798 1037 2873 Germanicus).

306 2909 385 2967 Suel.
411 2907 468 2966 Tib.
492 2910 541 2966 50.
584 2905 694 2966 Odium
714 2906 859 2966 adversus
880 2896 1118 2966 necessitudines
1141 2907 1172 2965 in
1194 2907 1292 2966 Druso
1315 2906 1445 2983 primum
1459 2907 1550 2965 iratre

264 3016 394 3087 detexit,
423 3013 540 3091 prodita
567 3013 633 3073 eius
660 3012 804 3090 epistula,
832 3031 892 3089 qua
919 3030 1021 3072 secum
1050 3013 1088 3072 de
1115 3015 1248 3089 cogendo
1275 3014 1313 3072 ad
1334 3013 1549 3073 restituendam

263 3122 432 3181 libertatem
453 3121 591 3196 Angusto
612 3121 726 3196 agebat.

299 3365 456 3416 Gerntonici
480 3377 554 3426 cogn.
590 3362 652 3411 Post
679 3361 806 3411 vocabula
831 3375 879 3410 no·
933 3361 994 3421 ola)
1018 3367 1046 3412 et
1070 3365 1187 3428 nummi,
1211 3366 1243 3414 cl.
1268 3365 1367 3414 Eckhel
1391 3364 1424 3412 Vl
1445 3362 1551 3426 llbsq.

265 3467 340 3514 men,
359 3463 519 3514 cognomen,
533 3460 693 3511 praenomen
704 3445 773 3508 apud
783 3444 879 3494 Sueto-
965 3449 1135 3512 posterisque
1149 3450 1224 3499 eins.
1240 3450 1391 3500 accuratius
1407 3449 1552 3499 Suetonius

265 3537 340 3586 nium
354 3536 409 3585 lere
423 3530 879 3593 Genitivusinvenitu1·,ubibonae
934 3548 1015 3596 quam
1034 3533 1081 3583 Dio
1100 3537 1115 3582 l.
1135 3536 1151 3583 l.
1170 3529 1245 3596 (μετὰ
1262 3537 1317 3583 τῶν
1333 3530 1448 3595 παίδων)
1467 3535 1499 3583 cf.
1519 3535 1552 3583 ad

265 3620 418 3670 Latinitatis
456 3617 595 3680 scriptores
636 3615 712 3665 N0111-
745 3614 804 3665 Acc-
838 3616 879 3664 vel
934 3634 955 3668 c.
979 3617 1009 3667 1ῑ
1037 3618 1197 3668 Germanici
1227 3635 1374 3683 cognomen
1396 3620 1552 3682 assumpsit.

266 3705 391 3755 Datilum
409 3702 516 3752 habent.
536 3701 645 3750 Dativus
660 3699 880 3748 inveniturhisce
968 3704 1055 3766 apollo
1082 3705 1181 3766 opima.
1219 3703 1307 3767 Spolia
1331 3705 1418 3768 opima
1436 3705 1553 3753 secundo

265 3790 341 3839 locis:
359 3787 433 3838 Caes.
447 3785 494 3836 59:
512 3784 705 3835 σαὶ-8111111111
716 3798 881 3846 cognomem

266 3875 333 3938 Aug.
352 3873 380 3922 7:
400 3873 505 3934 insonti
515 3884 662 3932 cognomen
676 3869 797 3919 Thurino
807 3869 881 3918 inoli-

267 3967 340 4020 11111,-
355 3958 405 4007 Vit.
414 3956 459 4006 la:
473 3958 517 4006 cni
527 3969 674 4017 cognomen
683 3954 764 4004 Becco
770 3970 780 4015 ,·
790 3953 882 4003 Claud.

266 4044 312 4094 ab:
338 4044 381 4092 eni
400 4055 548 4104 cognomen
567 4039 698 4088 Camillae
715 4035 773 4098 (nbi
791 4044 882 4087 tamen

267 4129 299 4178 de
326 4127 391 4177 Gen.
421 4126 529 4190 cogitari
559 4120 664 4187 potest).
695 4122 881 4171 Accusamus:

267 4213 341 4263 Galb.
375 4211 404 4260 l:
439 4211 555 4260 Luciam
584 4207 706 4270 (nomen)
732 4209 883 4271 mnrpoolt.

268 4299 305 4347 De
324 4312 383 4346 rara
401 4296 596 4346 constructione
614 4293 652 4344 Ol.
670 4293 716 4343 24:
737 4307 884 4355 cognomen

269 4382 401 4431 Chaonas
415 4395 564 4443 usurpare,
579 4379 638 4428 vide
652 4379 683 4428 ad
696 4379 773 4428 illum
788 4379 883 4427 locum.

301 4466 383 4516 Tituli
408 4479 515 4528 quoqne
532 4464 599 4513 illud
618 4479 762 4527 cognomen
780 4466 884 4511 testan-

267 4557 313 4600 tur
357 4548 401 4610 (cf.
434 4549 461 4598 C.
481 4550 499 4598 1.
519 4551 546 4598 L.
582 4549 617 4597 lli
649 4546 715 4598 1443
748 4563 778 4590 =
812 4547 884 4595 Dess.

269 4653 294 4688 n.
325 4636 383 4685 147.
413 4636 477 4698 Epir.
505 4635 590 4698 lipigr.
618 4633 652 4683 lV
679 4631 728 4681 775
756 4647 785 4674 =
813 4632 885 4680 Dess.

935 3788 967 3838 cf.
986 3788 1070 3851 Marq.
1089 3788 1126 3838 st.
1145 3788 1173 3837 V.
1192 3785 1228 3838 11²
1247 3805 1269 3851 p.
1289 3787 1339 3838 580
1356 3786 1421 3852 sq),
1440 3789 1461 3837 si
1480 3790 1553 3852 lega-

936 3880 980 3924 tus
1007 3874 1120 3937 Augusti
1146 3889 1178 3923 ea
1203 3875 1328 3936 cepisset;
1360 3873 1442 3935 spolia
1467 3873 1555 3935 opima

936 3961 1044 4023 primo,
1063 3964 1205 4023 postquam
1218 3958 1359 4022 imperium
1370 3959 1555 4020 proconsulare

937 4045 1031 4094 babuit
1055 4043 1090 4106 (a.
1116 4042 1215 4109 744110,
1234 4041 1328 4106 745191.

971 4144 1140 4192 summoque.
1174 4144 1227 4191 qne
1252 4129 1340 4176 delere
1368 4127 1450 4176 uoluit
1476 4142 1498 4174 v.
1523 4127 1554 4175 cl.

938 4214 1020 4263 Polak
1030 4213 1176 4277 (Program.
1195 4212 1292 4276 Gymn.
1307 4211 1473 4261 Roterodam.
1487 4208 1554 4258 1881

939 4315 979 4362 pg.
1004 4297 1065 4360 36),
1089 4313 1170 4362 quam
1194 4299 1316 4360 copulam
1334 4301 1424 4345 tamen
1443 4295 1556 4356 retinui,

939 4400 1001 4434 cnm
1014 4399 1095 4433 sensu
1109 4383 1263 4446 explicativo
1278 4380 1321 4442 (de
1334 4396 1387 4444 quo
1400 4381 1431 4430 cf.
1446 4380 1557 4428 Kiihner

941 4469 985 4520 Gr.
1004 4470 1031 4518 L.
1050 4470 1073 4518 ll
1093 4484 1116 4531 p.
1135 4467 1196 4528 641)
1214 4466 1390 4529 interpretari
1402 4465 1491 4527 possis.

976 4555 1171 4604 dissimulasse.
1196 4551 1256 4601 Loci
1265 4550 1364 4600 Tacitei
1379 4551 1453 4599 allati
1462 4550 1558 4599 docent

943 4642 1042 4689 multos
1064 4639 1113 4688 hoc
1130 4636 1279 4686 credidisse.
1302 4635 1446 4685 Suetonius
1467 4639 1557 4684 tamen

270 4720 376 4784 n.148;
400 4720 428 4770 0·
448 4721 466 4769 l·
485 4720 512 4768 L·
530 4720 550 4768 V
568 4718 647 4781 6416,
667 4715 699 4766 ¹0
718 4733 748 4759 “-“·
768 4716 840 4764 DeSS·
860 4730 885 4764 ¹¹·
945 4728 994 4775 boc
1013 4727 1068 4774 loco
1087 4726 1165 4787 paulo
1181 4721 1336 4786 prudentior
1349 4720 1400 4768 fuit
1411 4734 1493 4783 quam
1502 4718 1557 4768 Tib.

269 4806 332 4870 1073
351 4805 445 4856 (11.1.
464 4805 485 4855 V
503 4803 659 4856 24=D0³S·
679 4817 703 4852 ss·
722 4798 785 4864 1983
805 4799 886 4850 Ofelli
938 4808 989 4875 503
1082 4811 1156 4859 nullo
1180 4807 1354 4857 dubitationis
1375 4805 1449 4869 signo
1470 4804 1559 4855 addito
