3322 5512
85 514 122 590 C.
150 519 205 589 81.

908 334 965 392 108

347 517 482 592 XXIV.
529 517 1070 591 Ornamentaconsulariaetiam
1083 518 1366 613 procuratoribus
1379 518 1579 591 ducenariis

297 775 363 824 Rem
380 774 520 824 confirmat
536 775 644 824 Tacitus
661 775 728 825 Arm.
743 775 791 825 XII
805 774 839 823 83
847 772 908 836 (sub

297 858 433 921 τι.808)10)
444 875 450 909 :
467 866 498 908 ut
506 861 674 910 senatoribus
684 862 741 910 eius
747 864 909 924 prouinciae

296 944 414 1006 (Gali-iae
449 943 645 1008 Narbonensis)
678 961 733 995 non
769 948 909 1008 eaqrcisita

295 1030 431 1091 principis
447 1031 580 1079 sententia
600 1056 633 1064 -
656 1045 699 1080 rea
713 1046 777 1079 suris
795 1031 909 1080 inuisere

297 1115 394 1163 liceret.
839 1177 842 1186 Ι

329 1200 414 1248 atiani
422 1199 651 1261 procuratoribus,
665 1205 744 1249 antea
752 1206 909 1251 ornamenta

296 1283 445 1331 ‹zonsularia
467 1284 634 1334 senatorIbus
651 1290 757 1334 tantum
778 1288 817 1335 vel
836 1288 908 1350 prin·

296 1369 360 1431 cipis
374 1373 485 1431 cognato
495 1367 616 1430 (Claudio
624 1408 630 1432 ,
639 1371 672 1420 cf.
682 1386 702 1419 c.
713 1369 740 1433 5)
749 1371 908 1435 defaecant,

297 1460 377 1518 :itque
395 1470 428 1503 ne
448 1456 586 1517 praefectis
603 1457 732 1518 praetorio
751 1457 859 1520 quidem
877 1473 909 1505 ea

296 1539 407 1587 indulsit
430 1538 562 1603 Tiberius,
587 1541 632 1589 sed
653 1545 758 1590 tanturn
778 1542 909 1603 praetoria

296 1631 453 1674 ornamenta
469 1625 529 1686 (Dio
546 1624 764 1689 57,19;58,18),
782 1625 910 1676 Claudius

297 1714 387 1758 autem
405 1709 487 1759 etiam
505 1725 594 1774 regern
612 1711 908 1774 Agrippamconsnlari-

298 1795 346 1843 bus
360 1796 523 1844 ornamentis
542 1797 692 1859 honorarit,
711 1797 743 1845 cf.
754 1797 800 1845 Dio
809 1796 850 1860 00,
860 1797 882 1860 8,
893 1797 908 1846 8

296 1878 331 1938 (a.
349 1876 464 1941 latllll:
482 1883 520 1943 τῷ
537 1875 586 1944 γὰρ
599 1875 723 1943 Ἀγρίππᾳ
738 1883 775 1942 τῷ
790 1877 908 1929 Παλαισ-

297 1959 358 2025 τίνην
376 1990 408 1996 -
426 1959 501 2026 τιμὰς
519 1959 648 2018 ὑπατικὰς
665 1961 757 2027 ἔνειμε.

329 2049 459 2097 diccenuri
464 2050 492 2096 is.
503 2053 682 2111 procuratores
691 2049 817 2112 Augusti,
832 2051 909 2113 equi-

296 2139 336 2181 tes
355 2133 442 2195 Rom,
464 2131 508 2195 (cf.
528 2134 674 2184 Hirschfeld
694 2134 723 2183 V.
742 2133 771 2184 G.
790 2135 800 2183 1
818 2151 842 2198 p.
859 2135 909 2185 818

297 2217 317 2265 Α
336 2216 363 2279 1)
380 2218 433 2267 iam
452 2218 501 2267 sub
518 2218 639 2282 Augusto
657 2219 784 2268 salarium
802 2235 908 2283 accepe-

297 2307 369 2365 rant,
394 2303 426 2351 cf.
445 2303 492 2352 Dio
509 2302 555 2366 53,
579 2301 625 2366 15,
649 2303 744 2364 d(sub
761 2320 784 2354 a.
804 2303 908 2369 727127:

296 2384 342 2434 καὶ
373 2381 401 2434 τὸ
432 2383 604 2451 μισθοφορὰν
635 2384 681 2436 καὶ
709 2384 819 2444 ἐκείνοις
845 2388 909 2454 (τοῖς

296 2467 455 2534 ἐπιτρόποις)
473 2466 519 2520 καί
537 2476 590 2526 τοῖς
607 2468 694 2527 ἄλλοις
709 2469 773 2535 (τοῖς
787 2470 907 2523 ἀνθυπά-

297 2571 349 2609 τοις
367 2560 420 2609 τοῖς
437 2572 463 2603 τε
478 2552 697 2621 ἀντιστρατήγοις)
711 2555 835 2608 δίδοσθαι
852 2557 908 2609 τότε

296 2635 425 2703 ἐνομίσθη
443 2638 500 2702 (ubi
518 2656 580 2690 voce
596 2639 753 2707 μισθοφορά
772 2645 839 2694 nihil
857 2645 908 2694 nisi

298 2725 408 2788 pecunia
426 2726 575 2788 indicatur).
594 2722 623 2775 τό
639 2722 688 2790 μὲν
705 2724 754 2792 γὰρ
771 2725 851 2778 πάλαι
865 2725 908 2793 ε’ρ-

296 2805 468 2873 γολαβοῦντές
477 2827 543 2865 τινες
550 2805 624 2875 παρὰ
633 2815 678 2860 τοῦ
688 2809 818 2875 δημοσίου
824 2809 908 2862 πάντα

297 2890 370 2958 σφίσι
380 2889 411 2943 τὰ
417 2890 484 2958 πρὸς
493 2890 540 2959 τὴν
549 2891 635 2960 ἀρχὴν
644 2891 759 2960 φέροντα
768 2901 907 2961 παρεῖχον·

296 2976 338 3027 ἐπὶ
364 2975 393 3028 δὲ
419 2976 452 3045 δὴ
479 2985 525 3029 τοῦ
550 2977 686 3044 Καίσαρος
702 2985 809 3045 πρῶτον
834 2978 909 3031 αὐτοὶ

296 3061 392 3114 ἐκεῖνοι
409 3063 504 3115 τακτόν
521 3082 544 3114 τι
561 3063 703 3130 λαμβάνειν
720 3063 841 3131 ἤρξαντο.
863 3063 909 3117 καὶ

297 3155 373 3199 τοῦτο
395 3146 444 3213 μὲν
462 3147 513 3200 οὐκ
531 3147 562 3200 ἐκ
581 3154 627 3200 τοῦ
646 3149 703 3200 ἴσου
722 3149 790 3200 πᾶσί
804 3168 908 3216 σφισιν,

296 3232 349 3285 ἀλλ’
370 3234 407 3291 ὥς
423 3254 476 3286 που
494 3233 540 3286 καὶ
557 3233 663 3302 ἡχρεία
674 3233 782 3301 ἀπῄτει,
799 3234 908 3303 ἐτάχθη.

297 3324 344 3372 Dio
361 3323 407 3386 58,
425 3322 471 3386 85,
488 3321 512 3373 1.
530 3323 631 3373 Salaria
648 3324 731 3387 igitur
745 3323 848 3374 diversa
865 3325 877 3374 f
896 3353 908 3362 -

296 3412 388 3471 crunt,
413 3410 458 3458 sed
482 3414 548 3472 quot
563 3411 659 3458 classes
676 3408 814 3472 Augustus
831 3409 909 3458 insti-

297 3493 380 3541 tuerit
394 3507 447 3542 non
463 3494 590 3555 traditum
605 3508 637 3542 ex
653 3493 766 3542 hocloco
775 3493 910 3557 colligitur

296 3583 385 3627 aetate
408 3576 512 3627 Claudii
534 3577 573 3640 (et
597 3579 646 3627 hoc
667 3579 719 3627 iam
737 3577 770 3627 ab
788 3578 909 3642 Augusto

296 3665 451 3712 institutum
470 3665 552 3713 fuisse
563 3664 702 3713 verisimile
712 3663 764 3725 est)
773 3666 909 3714 nonnullis

297 3749 510 3812 procuratoribus
525 3750 628 3799 ducena
642 3748 765 3797 sestertia
773 3747 836 3797 data
844 3763 908 3798 esse.

297 3833 457 3894 (Hirschfeld
475 3836 493 3882 l.
511 3836 527 3883 l.
546 3850 568 3897 p.
586 3831 636 3882 858
654 3834 675 3884 Α
690 3833 707 3883 3
721 3838 826 3897 praeter
834 3834 907 3883 illam

297 3920 407 3967 classem
437 3920 521 3981 primo
549 3921 654 3968 saeculo
686 3935 709 3983 p.
737 3918 797 3969 Chr.
825 3933 908 3968 unam

297 4008 404 4052 tantum
422 4004 553 4053 exstitisse
571 4009 659 4067 putat,
678 4019 713 4053 sc.
741 4019 848 4066 eorum,
866 4005 908 4053 cui

296 4091 409 4136 centena
426 4088 547 4137 sestertia
564 4089 626 4137 data
643 4085 716 4149 sint).

331 4172 424 4222 Posteo
447 4187 508 4221 vero
527 4177 654 4236 quattuor
671 4174 767 4222 classes
784 4187 908 4235 procura-

297 4260 385 4304 torum
403 4257 527 4318 fuerunt,
545 4257 591 4320 qui
609 4273 639 4306 er
654 4273 760 4306 summa
769 4257 909 4320 pecuniae,

298 4356 378 4403 arram
402 4341 564 4403 accipiebant
581 4343 737 4405 trecenarii‚
760 4342 909 4405 ducenarii,

297 4425 444 4474 centenarii
461 4431 488 4474 et
506 4428 671 4490 sexagenarii
688 4426 813 4491 appellati
831 4431 907 4489 sunt,

297 4512 329 4560 cf.
347 4512 394 4560 Dio
411 4510 457 4574 53,
475 4510 521 4575 15,
539 4511 567 4561 5:
586 4515 639 4566 τοῖς
656 4528 684 4574 γε
699 4507 848 4574 ἐπιτρόποις
862 4505 908 4560 καὶ

297 4591 361 4645 αὐτὸ
384 4592 413 4645 τό
436 4599 481 4644 τοῦ
505 4592 656 4659 ἀξιώματος
680 4593 763 4658 ὄνομα
786 4590 838 4644 ἀπὸ
862 4598 908 4644 τοῦ

297 4676 414 4743 ἀριθμοῦ
432 4683 485 4729 τῶν
502 4677 649 4744 διδομένων
663 4676 752 4734 αὐτοῖς
763 4675 909 4743 χρημάτων

296 4752 484 4829 προσγίγνεται.
511 4765 593 4814 Cuius
617 4766 655 4814 rei
678 4765 748 4829 apud
771 4764 909 4827 scriptores

297 4851 405 4914 quidem
418 4847 458 4911 (in
467 4849 554 4898 titulis
562 4851 666 4898 saeculo
676 4850 784 4898 demum
794 4849 908 4899 secundo

964 790 986 836 p.
1010 772 1070 822 Chr.
1095 778 1209 822 exeunte
1226 775 1264 823 ita
1283 772 1468 835 nominantur)
1486 788 1579 822 exero-

963 861 1037 922 plum
1061 859 1177 920 pulmum
1201 863 1291 908 noster
1306 861 1381 908 locus
1405 859 1463 922 dat,
1490 874 1580 924 neque

962 945 1103 994 decernere
1120 944 1207 993 ausim
1225 950 1317 994 utrum
1332 961 1363 995 ex
1380 946 1579 996 hoclococolli-

962 1030 1080 1093 gendum
1101 1029 1136 1078 sit
1153 1030 1204 1078 iam
1224 1029 1327 1079 Claudii
1345 1035 1433 1080 aetate
1450 1047 1482 1087 ea
1501 1047 1580 1081 vcca-

962 1115 1026 1163 bula
1049 1115 1075 1163 in
1095 1130 1144 1163 usu
1163 1114 1246 1163 fuisse
1263 1113 1344 1178 (quod
1365 1117 1450 1178 placet
1469 1116 1579 1166 Hirsch-

963 1199 1015 1247 feld
1034 1200 1050 1246 l.
1069 1199 1099 1249 l.:
1119 1199 1200 1260 „Eine
1218 1199 1397 1262 Anticipation
1415 1201 1461 1250 des
1476 1200 1579 1268 Sueten

962 1283 990 1331 in
1008 1282 1108 1331 Bctrcll'
1123 1282 1169 1331 der
1187 1282 1481 1348 Gehultsbezeichnung
1497 1301 1533 1334 an
1547 1302 1578 1334 ru

963 1369 1093 1431 nahmen,
1103 1369 1168 1431 liegt
1177 1369 1239 1417 lrein
1249 1367 1342 1418 Grund
1352 1367 1426 1433 vor'')
1436 1385 1471 1418 an
1480 1369 1579 1420 Sueto-

963 1453 1023 1502 nius
1046 1453 1172 1503 vocabulo
1195 1469 1243 1503 sua
1264 1455 1372 1503 demum
1391 1459 1480 1504 arctate
1499 1472 1579 1505 usur-

963 1543 1024 1601 pato
1044 1554 1107 1587 usus
1124 1540 1172 1602 slt,
1190 1540 1222 1588 cf.
1240 1540 1388 1589 Mommsen
1406 1539 1467 1589 ste.
1486 1538 1511 1589 1²
1528 1540 1580 1590 305

962 1623 984 1672 A
1001 1623 1018 1672 3
1035 1638 1066 1666 =
1085 1621 1108 1673 1²
1125 1621 1183 1672 891.
1203 1623 1307 1673 [11501.
1326 1625 1363 1673 Dc
1376 1625 1505 1674 classibus
1514 1625 1579 1688 ipsis

962 1708 1017 1772 egit
1039 1708 1185 1757 Hirschfeld
1211 1710 1227 1757 l.
1248 1711 1264 1758 l.
1284 1725 1307 1772 p.
1325 1707 1465 1758 858-865.

997 1793 1068 1842 Duos
1080 1788 1283 1856 ⁴procuratores,
1302 1793 1329 1843 P.
1345 1793 1516 1843 Graecinium
1527 1795 1578 1844 La·

962 1892 1068 1940 conem,
1081 1876 1182 1926 Galliae
1200 1883 1409 1943 procuratorem,
1427 1885 1455 1927 et
1466 1879 1579 1928 lunium

963 1962 1090 2026 Cilonem,
1099 1967 1295 2025 procuratorem
1304 1963 1381 2012 Ponti
1390 1968 1417 2012 et
1427 1963 1579 2027 Bithyniae,

963 2064 978 2097 a
996 2047 1105 2097 Claudio
1120 2048 1303 2097 consularibus
1316 2049 1480 2097 ornamentis
1494 2050 1565 2098 hono
1577 2077 1580 2080 >

963 2137 1034 2182 ratos
1050 2148 1121 2195 esse,
1138 2133 1276 2195 scriptores
1285 2133 1460 2182 tradiderunt.
1479 2134 1516 2182 Ile
1528 2133 1578 2182 La-

962 2233 1027 2268 cone
1045 2219 1092 2267 Dio
1109 2217 1156 2281 60,
1173 2216 1219 2281 83,
1237 2217 1250 2267 1
1271 2214 1478 2280 (subalfllsdd)
1496 2215 1579 2265 τόντε

962 2298 1082 2351 Λάκωνα
1101 2297 1144 2350 τόν
1152 2298 1281 2365 πρότερον
1288 2297 1338 2365 μὲν
1347 2305 1400 2350 τῶν
1408 2299 1578 2367 νυκτοφυλά-

962 2404 1021 2435 κων
1036 2384 1159 2450 ἅρξαντα,
1171 2384 1227 2435 τότε
1237 2381 1267 2435 δὲ
1275 2390 1328 2435 τῶν
1337 2383 1464 2435 Γαλατῶν
1472 2383 1579 2450 ε’πιτρου

961 2469 1115 2523 πεύοντσ-
1128 2467 1236 2535 προσέτι
1254 2475 1309 2525 ταῖς
1327 2474 1379 2520 τῶν
1388 2467 1580 2520 ὑπατευκότων

960 2563 1045 2621 τιμαῖς
1063 2553 1200 2620 ἐσέμνυνε,
1218 2556 1289 2620 quod
1309 2556 1483 2606 confirmatur
1497 2558 1579 2607 titulo

962 2643 1106 2694 Veronensi
1130 2641 1157 2691 0.
1182 2643 1200 2691 1.
1226 2642 1252 2690 L.
1278 2641 1299 2690 V
1322 2639 1389 2691 3310
1408 2658 1437 2685 =
1460 2643 1533 2691 Dess,
1552 2659 1578 2693 n.

962 2727 1041 2778 1336:
1065 2728 1096 2777 P.
1124 2727 1269 2777 Graecinio
1294 2728 1324 2776 P.
1343 2728 1364 2790 f.
1388 2727 1453 2776 Pob.
1476 2727 1579 2778 Laconi

962 2815 1131 2864 οτπασιαστὶε
1148 2812 1342 2860 consularibus.
1359 2810 1396 2859 De
1415 2809 1505 2859 Cilone
1517 2811 1579 2861 Tac.

962 2898 1030 2948 Arm.
1048 2898 1096 2947 XII
1114 2895 1143 2945 81
1165 2894 1226 2958 (sub
1244 2911 1267 2945 a.
1285 2892 1402 2958 malla:
1420 2889 1579 2946 consuharirt

962 2985 1084 3047 insipnia
1111 2981 1200 3031 Ciloni
1225 3006 1258 3015 -
1283 2982 1475 3030 decernuntur.
1510 2981 1579 3030 Laco

963 3074 1042 3118 notus
1060 3068 1209 3130 praefectus
1227 3066 1336 3129 vigilum
1354 3062 1414 3126 (Dio
1431 3062 1477 3127 58,
1498 3062 1514 3112 0
1530 3080 1577 3128 sq,

963 3154 1030 3202 Bull.
1047 3151 1147 3201 Comm.
1163 3149 1229 3200 1888
1244 3166 1267 3213 p.
1277 3149 1326 3198 158
1337 3164 1367 3191 --
1377 3149 1450 3198 Dess.
1460 3163 1485 3199 σ.
1496 3147 1577 3200 1337:

962 3239 1031 3287 Laco
1043 3236 1133 3299 praes.
1150 3237 1202 3298 riq.
1220 3234 1316 3298 XIII),
1333 3235 1381 3298 qui
1398 3234 1431 3284 ob
1449 3233 1577 3288 Seianum

961 3337 1114 3387 oppressum
1123 3336 1146 3370 a.
1156 3318 1246 3382 letter
1258 3325 1415 3369 ornamenta
1424 3320 1579 3383 quaestoria

962 3411 1098 3471 acceperat
1122 3405 1182 3468 (Dio
1205 3404 1237 3454 58
1277 3405 1322 3468 18,
1345 3403 1386 3468 7),
1413 3405 1470 3454 sine
1496 3405 1578 3454 dubio

963 3492 1120 3542 ducenarius
1147 3495 1301 3553 procurator
1325 3490 1387 3552 fuit,
1420 3493 1468 3538 aut
1493 3490 1578 3539 totius

963 3579 1064 3628 Galliae
1088 3576 1132 3639 (cf.
1156 3576 1183 3627 C.
1203 3577 1220 3625 l.
1240 3577 1266 3625 L,
1285 3573 1392 3624 111070
1410 3591 1440 3617 =
1459 3575 1531 3624 Dess.
1551 3590 1576 3624 σ.

962 3662 1054 3727 1311),
1086 3668 1133 3712 aut
1159 3661 1306 3725 provinciae
1337 3659 1523 3723 Lugdunensis
1550 3664 1578 3708 et

962 3747 1150 3812 Aquitanicae,
1165 3746 1236 3809 quod
1246 3743 1361 3793 officium
1370 3744 1441 3792 inter
1450 3757 1577 3805 procura-

962 3834 1034 3882 tione
1057 3831 1251 3895 provinciarum
1258 3828 1463 3893 primumfuisse
1472 3827 1578 3876 videtur

963 3916 1006 3979 (cf.
1023 3916 1172 3966 Hirschfeld
1190 3917 1207 3965 l.
1225 3918 1242 3965 l.
1261 3930 1284 3977 p.
1302 3912 1351 3962 111
1369 3912 1390 3960 A
1408 3911 1431 3960 8.
1449 3910 1577 3974 amsa).

996 4002 1115 4052 Cilonem
1149 4006 1240 4051 autem
1275 3997 1447 4047 ducenarium
1480 3997 1577 4060 fuisse,

962 4103 1015 4136 σοσ
1042 4092 1145 4137 certum
1169 4086 1213 4135 sed
1239 4083 1379 4133 verisimile
1402 4086 1510 4130 tantum
1528 4088 1576 4132 est.

962 4171 1031 4221 Nam
1050 4175 1077 4221 et
1094 4170 1215 4220 Suetonii
1233 4172 1305 4219 locus
1322 4167 1348 4217 id
1362 4167 1454 4216 docere
1471 4166 1578 4216 videtur

962 4262 990 4307 et
1015 4258 1120 4307 saeculo
1145 4271 1169 4318 p.
1193 4254 1254 4304 Chr.
1278 4254 1356 4304 tertio
1380 4257 1577 4315 procuratorem

962 4342 1103 4405 Bithyniae
1135 4338 1309 4389 ducenarium
1346 4336 1428 4385 fuisse
1457 4340 1577 4399 constat,

962 4427 995 4476 cf.
1013 4425 1040 4476 C.
1059 4427 1077 4474 I.
1096 4424 1139 4474 Gr.
1156 4422 1236 4473 2509:
1264 4417 1441 4485 δουκηνάριον
1458 4423 1504 4469 τοῦ
1524 4418 1576 4470 Σε-

961 4509 1061 4576 βαστοῦ
1079 4506 1186 4558 Πόντου
1204 4503 1250 4557 καὶ
1268 4503 1420 4560 Βειθυνίας.

997 4592 1032 4657 [p.
1053 4591 1111 4655 109]
1131 4593 1254 4641 indulsit.
1276 4592 1308 4641 cf.
1328 4591 1359 4640 ad
1378 4607 1398 4640 c.
1417 4590 1445 4640 5:
1471 4591 1577 4640 detulit.

997 4675 1032 4740 [p.
1049 4675 1109 4739 109]
1128 4676 1301 4725 Senatorium
1319 4676 1481 4737 dignitatern
1499 4690 1576 4725 recu-

963 4763 1094 4812 santibus.
1111 4761 1276 4811 senatoriam
1294 4760 1451 4823 dignitatern
1469 4759 1577 4823 adipisci

964 4851 1074 4911 possunt
1095 4851 1143 4896 aut
1166 4850 1321 4895 senatorum
1345 4843 1405 4907 dlii,
1428 4849 1476 4892 aut
1493 4844 1512 4892 ii
1530 4845 1576 4908 qni
