3322 5512
833 331 888 387 166

2 517 41 592 Ο.
68 522 124 590 11.
218 519 339 591 Novas
373 518 475 591 ctiam
507 528 721 591 commentus
746 526 800 591 est
824 518 959 591 litteras
984 526 1072 597 tres,
1107 540 1149 590 ac
1174 539 1316 590 numero
1343 527 1501 590 veterum

215 642 315 737 quasi
352 643 503 714 maxime
542 643 759 716 necessarias
797 641 948 734 addidit3
988 641 1032 715 de
1070 664 1219 736 quarum
1253 642 1388 716 ratione
1421 665 1501 714 cum

215 767 373 862 privatus
399 767 514 839 adbuc
539 768 701 840 volumen
729 766 913 858 edidisset,
940 789 1019 839 mox
1047 765 1209 861 princeps
1230 788 1299 838 non
1318 766 1502 840 difficulter

216 892 362 964 obtinuit
387 901 425 964 ut
451 892 484 963 in
512 914 579 964 usu
604 914 742 986 quoquc
768 891 962 987 promiscuo
989 900 1115 963 essent.
1141 891 1271 963 Exstat
1291 891 1373 963 talis
1394 890 1501 987 scrip-

215 1026 295 1089 tura
320 1017 354 1088 in
381 1016 557 1112 plerisque
584 1015 680 1088 libris
706 1040 747 1088 ac
774 1015 908 1089 diurnis
933 1015 1113 1110 titulisque
1139 1037 1291 1111 operum.

263 1141 379 1212 XLII.
430 1142 505 1214 Nec
530 1141 661 1214 minore
687 1165 772 1213 cura
797 1141 936 1213 Graeca
955 1140 1072 1212 studia
1090 1150 1232 1213 secutus
1250 1150 1321 1231 est,
1347 1163 1500 1213 amorem

216 1265 535 1360 praestantiamque
577 1265 719 1360 linguae
762 1266 941 1338 occasione
984 1265 1076 1337 omni
1115 1267 1303 1360 professus.
1351 1263 1501 1337 Ouidam

216 1389 364 1462 barbaro
406 1390 542 1463 Graece
581 1415 622 1464 ac
659 1391 785 1463 Latine
824 1389 1008 1463 disserenti
1052 1391 1136 1462 Gara
1173 1396 1333 1480 atroque,
1373 1388 1501 1483 inquit,

215 1539 368 1586 sermone
401 1523 516 1587 aostro
541 1518 591 1586 sis
609 1522 780 1607 paratam
815 1524 849 1587 et
874 1515 908 1586 in
936 1512 1213 1586 commendanda
1238 1512 1397 1608 patribus
1423 1535 1501 1586 con-

216 1639 354 1735 scriptis
388 1638 539 1730 Achaia,
574 1653 711 1734 gratam
745 1639 811 1711 sibi
845 1639 1060 1735 provinciam
1095 1638 1145 1711 ait
1169 1638 1404 1711 communium
1430 1646 1501 1711 stu·
1572 1706 1577 1712 .

259 1810 320 1868 Tae.
353 1811 432 1868 Aba.
464 1809 516 1867 XI
541 1811 580 1867 13
611 1811 648 1883 (a.
683 1809 815 1886 suaset).
857 1828 891 1868 ac
923 1827 1014 1868 novas
1046 1808 1213 1868 litterarum
1242 1809 1353 1867 formas
1384 1807 1502 1866 addidit

216 1916 424 1992 vulgavitque,
452 1923 602 1992 comperto
632 1914 775 1975 Graecam
804 1934 923 1993 quoque
949 1917 1148 1975 litteraturam
1174 1935 1234 1975 non
1255 1916 1345 1974 simul
1366 1923 1502 1992 coeptam

215 2023 448 2099 absolutamque.
477 2022 538 2099 (14)
569 2022 629 2081 Sed
660 2023 744 2081 nobis
776 2041 895 2099 quoque
926 2041 1038 2098 paneae
1069 2024 1209 2100 (litterae)
1240 2023 1371 2099 primum
1402 2023 1502 2096 fuere,

216 2128 324 2187 deinde
352 2128 472 2187 additae
499 2134 577 2186 sunt.
610 2127 674 2201 Quo
705 2129 844 2206 exernplo
878 2129 1023 2188 Claudius
1050 2136 1112 2188 tres
1132 2129 1249 2188 litteras
1270 2128 1395 2202 adiecit,
1426 2148 1502 2206 qnae

215 2235 283 2293 usui
316 2235 358 2312 (in
389 2253 445 2294 usu
474 2236 548 2294 coni.
569 2234 670 2311 Nipp.)
698 2236 888 2312 imperitante
918 2254 967 2309 eo,
996 2242 1064 2313 post
1085 2237 1287 2308 oblitteratae,
1315 2235 1503 2313 aspiciuntur

215 2341 304 2400 etiam
326 2360 405 2401 mmo
426 2341 456 2399 in
477 2360 545 2401 aere
566 2341 686 2418 publico
708 2342 755 2400 dis
776 2342 942 2418 plebiscitis
965 2343 1046 2416 (delet
1063 2343 1122 2401 dito
1135 2342 1502 2419 postremaaerbaNcpp.;

215 2448 404 2524 publicandis
434 2448 478 2506 ael
507 2448 667 2524 publicatis
699 2449 774 2507 coni.
802 2449 987 2520 Mommsom
1015 2450 1054 2525 cf.
1082 2454 1182 2508 annot.
1211 2450 1293 2526 apud
1318 2449 1420 2524 Irata)
1450 2467 1503 2527 per

215 2555 280 2613 fora
300 2574 335 2613 ac
356 2556 468 2630 templa
489 2555 558 2613 fixo.

216 2710 308 2758 culam
326 2723 382 2758 esse
400 2712 462 2757 ante
477 2712 589 2756 mortem
604 2708 686 2756 Asinii
699 2707 781 2771 Galli,
800 2714 831 2756 ut
884 2707 1051 2770 2042)adbac
1068 2709 1180 2772 legitur:
1197 2705 1325 2772 Solitas,
1342 2704 1502 2772 Minariac,

216 2794 328 2856 gratiam
347 2793 435 2856 patrui
453 2792 643 2841 demereretur.
885 2788 984 2855 alifae,
1002 2788 1136 2843 sitcltias.
1161 2802 1164 2807 ’

249 2879 355 2928 litteras
369 2884 431 2926 tres.
449 2876 585 2926 Aeolicum
598 2877 732 2939 digamma
743 2878 831 2926 inver-
919 2879 1028 2927 diurnis
1045 2894 1079 2928 sc.
1098 2879 1177 2942 actis,
1195 2879 1265 2942 quod
1279 2882 1370 2927 tamen
1384 2878 1426 2926 vix
1441 2893 1502 2927 cum

216 2977 276 3012 snm
299 2957 323 3008 π’
346 2977 391 3025 pro
416 2962 436 3008 V
460 2961 629 3023 consonanti,
652 2961 684 3009 cf.
703 2961 794 3019 Quint.
812 2962 830 3010 l.
886 2963 1047 3011 Ruhnkenio
1070 2963 1243 3011 inserendum
1266 2966 1338 3024 puto.
1364 2961 1445 3011 Plene
1462 2957 1503 3010 di-

216 3046 245 3096 Ο.
278 3048 288 3096 Ι
321 3047 349 3110 1,
379 3045 426 3095 ao:
455 3060 504 3096 aec
534 3046 670 3094 inutiliter
700 3045 831 3095 Claudiis·
885 3052 984 3096 cuntur
1006 3048 1109 3097 diurna
1131 3054 1192 3096 acta
1210 3048 1307 3111 populi
1325 3044 1411 3109 (Suet.
1430 3045 1503 3097 Caes.

216 3132 353 3181 Aeolicam
371 3132 449 3181 illam
468 3126 491 3177 s
507 3131 544 3178 ad
562 3130 608 3179 bos
626 3146 690 3179 aras
709 3132 832 3180 litteram
885 3131 929 3193 20)
960 3134 1001 3181 vel
1029 3133 1131 3182 diurna
1155 3138 1216 3181 acta
1242 3133 1329 3181 urbis.
1344 3132 1415 3192 l'l'ac.
1433 3132 1502 3181 Ann.

215 3217 358 3265 adiecerat.
382 3215 506 3264 Priscian.
525 3213 568 3264 Gr.
592 3215 619 3263 L.
639 3214 707 3264 120.
731 3214 832 3264 Gellius

216 3300 274 3350 XIV
292 3300 316 3363 5,
334 3300 358 3348 2.
377 3300 516 3349 Diomedes
535 3299 578 3349 Gr.
598 3300 624 3349 L.
644 3301 654 3348 Ι
672 3299 730 3364 181,
747 3299 776 3348 il
792 3315 831 3363 sq.

216 3386 335 3434 Donatus
359 3383 402 3432 Gr.
428 3384 453 3432 L.
479 3384 512 3432 lV
536 3382 593 3432 381,
619 3385 776 3446 Buecheler,
800 3387 831 3433 de

216 3470 253 3518 Ti.
277 3469 387 3518 Claudio
405 3469 578 3532 grammatico
596 3466 739 3529 (Elberfeld
755 3467 832 3529 1856)

217 3572 240 3617 p.
259 3554 338 3616 3-6;
357 3555 500 3617 antisigma
520 3556 539 3606 O
557 3556 613 3603 loco
632 3554 660 3602 bs
678 3556 719 3603 vel
735 3569 782 3616 ps,
799 3555 832 3604 ci.

216 3640 376 3689 Prisciani
401 3641 417 3687 l.
443 3639 453 3687 Ι
477 3638 516 3687 18.
536 3639 595 3687 lsid.
610 3637 679 3701 Orig.
699 3640 709 3687 l
727 3637 773 3701 20,
791 3638 831 3687 11.

217 3726 362 3774 Buecheler
380 3727 396 3773 l.
415 3726 431 3774 l.
450 3740 473 3787 p.
492 3722 588 3786 8-t3;
609 3724 727 3772 litteram
745 3724 759 3771 1
787 3739 832 3786 pro

216 3809 316 3858 Graeca
333 3824 350 3871 p
370 3815 398 3858 et
410 3823 487 3870 sono,
506 3809 551 3871 qni
565 3808 642 3856 modo
657 3823 702 3870 per
714 3808 832 3856 litteram

217 3897 240 3958 i,
259 3896 336 3944 modo
355 3909 400 3957 per
412 3894 531 3942 litteram
542 3909 560 3941 a
571 3892 737 3956 significatur
748 3891 793 3954 (ut
804 3893 832 3941 in

216 3982 337 4042 optimas
355 3984 383 4027 et
399 3976 552 4040 optamus),
569 3977 601 4025 cf.
617 3975 707 4025 Velius
727 3976 833 4040 Longus

216 4064 259 4113 Gr.
279 4066 305 4113 L.
324 4064 370 4112 Vll
389 4063 428 4111 15.
451 4063 598 4110 Buecheler
614 4063 631 4110 l.
649 4063 666 4110 l.
684 4076 707 4124 p.
726 4061 833 4110 itt-ao,

250 4164 315 4198 ntooc
332 4147 621 4211 princeps-obtinuit.
640 4160 709 4194 anno
724 4147 833 4195 demum

216 4231 306 4295 8110111
332 4234 418 4282 edicto
441 4232 558 4281 censorio
583 4231 686 4279 litteras
709 4233 769 4281 illas
792 4233 833 4280 in-

178 4318 184 4324 ’
216 4318 305 4379 duxit,
325 4318 357 4366 cf.
375 4317 434 4366 Tac.
454 4316 520 4364 Ann.
539 4316 574 4364 Xl
593 4315 632 4364 13.

250 4401 348 4450 Exstat
373 4402 435 4450 talis
453 4403 598 4463 scriptura.
622 4403 742 4463 exempla
762 4402 833 4450 litte-

217 4502 307 4536 rarum
339 4482 362 4533 J
387 4492 415 4535 et
441 4487 456 4535 1
480 4488 507 4535 iu
534 4486 620 4534 titulis
645 4486 833 4549 inveniuntur,

217 4572 296 4621 liuius
328 4578 418 4620 autern
450 4577 556 4621 tantum
583 4572 639 4619 loco
666 4569 781 4620 Graecae
807 4587 832 4633 y.

218 4656 356 4719 Digamma
372 4657 506 4705 inversum
521 4655 623 4703 diutius
635 4670 718 4718 quam
730 4662 833 4704 ceterae

216 4741 243 4787 in
270 4756 319 4789 usu
346 4740 428 4789 fuisse
451 4740 569 4800 videtur,
596 4740 623 4787 in
651 4741 717 4789 actis
739 4742 832 4789 saltem

217 4825 247 4873 fr.
273 4824 332 4872 Arv.
359 4839 382 4873 a.
409 4822 500 4887 812159
526 4821 565 4885 (G.
596 4825 615 4874 Ι.
646 4824 673 4873 L.
701 4825 734 4873 Vl
759 4823 833 4876 aori.

886 3216 946 3265 mu
964 3215 1015 3278 31).

920 3300 949 3348 ln
976 3301 1042 3350 actis
1067 3301 1169 3350 diurnis
1194 3316 1239 3352 eas
1264 3303 1367 3351 litteras
1393 3303 1445 3365 legi
1472 3317 1503 3351 co

888 3385 975 3434 minus
1001 3386 1114 3450 mirum,
1146 3388 1217 3450 quod
1243 3388 1373 3450 principos
1398 3401 1504 3450 semper

886 3475 1026 3533 caverunt,
1048 3485 1082 3519 ne
1112 3472 1176 3534 quid
1203 3471 1252 3520 sibi
1279 3473 1368 3521 minus
1395 3476 1503 3536 gratum

887 3556 1041 3617 vulgaretur
1051 3553 1095 3617 (cf.
1108 3555 1156 3604 Dio
1169 3554 1215 3618 57,
1232 3555 1278 3619 il,
1297 3556 1326 3618 53
1343 3555 1392 3620 67,
1405 3555 1450 3619 11,
1463 3555 1504 3618 3),

886 3643 914 3687 et
928 3644 1018 3702 postea
1030 3642 1126 3689 saltem
1138 3653 1231 3689 curam
1244 3655 1350 3702 eorum,
1370 3645 1401 3689 ut
1413 3642 1504 3690 docuit

886 3723 1034 3773 Mommsen
1048 3725 1112 3787 Eph.
1122 3726 1207 3790 Epigr.
1222 3726 1243 3776 V
1255 3725 1335 3790 1175,
1349 3733 1504 3790 procurator

886 3810 1001 3873 Augusti
1018 3811 1113 3873 gessit,
1134 3811 1167 3860 cs.
1185 3811 1248 3873 Eph.
1268 3813 1284 3860 l.
1303 3813 1320 3860 l.
1340 3827 1370 3854 =
1389 3810 1418 3861 (1.
1436 3812 1455 3861 Ι.
1474 3812 1503 3860 L.

887 3893 945 3943 Vlll
969 3894 1059 3957 Suppl.
1083 3893 1168 3944 11813
1186 3911 1215 3938 ·-
1235 3896 1307 3944 Dess.
1325 3910 1350 3944 n.
1369 3895 1448 3946 111οε
1477 3896 1503 3946 C.

888 3978 979 4028 Searlio
997 3978 1054 4040 C.s.
1073 3977 1215 4041 Papir[ia]
1231 3979 1357 4029 Martiali
1369 3981 1431 4030 trib.
1444 3983 1504 4031 atil.

888 4063 1002 4124 legionis
1025 4059 1108 4124 [[ΙΙΙ]
1132 4062 1273 4124 Scythicae
1294 4078 1367 4126 proc.
1385 4064 1456 4127 Aap.
1471 4065 1505 4114 ab

887 4149 956 4195 actis
980 4146 1057 4195 urbis
1074 4172 1121 4210 —,
1145 4147 1195 4195 sub
1212 4162 1265 4210 quo
1283 4148 1372 4197 liberti
1389 4149 1505 4213 Augusti

887 4233 921 4281 ab
946 4233 1014 4281 actis
1037 4231 1076 4293 (Ο.
1102 4233 1120 4280 Ι.
1145 4233 1171 4281 L.
1196 4233 1230 4281 Vl
1253 4230 1319 4281 8694
1338 4248 1368 4274 =
1386 4232 1460 4283 Dess,
1478 4248 1503 4282 n.

887 4315 965 4379 1681)
989 4319 1030 4366 vel
1054 4319 1167 4367 adiutor
1183 4319 1216 4367 ab
1233 4319 1302 4367 actis
1319 4316 1359 4377 (G.
1377 4318 1395 4366 l.
1415 4317 1443 4366 L.
1461 4317 1503 4366 Vl.

887 4399 954 4450 8695
986 4419 1016 4445 =
1048 4402 1119 4450 Dess.
1151 4417 1176 4451 n.
1203 4400 1281 4463 1888)
1307 4402 1420 4452 eandem
1447 4418 1502 4452 rem

888 4487 1020 4535 curavisse
1043 4487 1167 4535 videntur
1190 4486 1350 4548 (Mommsen
1367 4489 1384 4536 l.
1405 4486 1443 4546 Ι).
1467 4489 1504 4537 De

889 4571 954 4619 actis
977 4571 1079 4619 diurnis
1103 4571 1135 4620 cf.
1153 4571 1255 4620 Teuffel
1273 4572 1303 4622 Η.
1322 4572 1350 4623 L.
1368 4572 1397 4622 R.
1416 4570 1429 4634 5
1446 4572 1503 4622 216.

921 4657 952 4703 ia
978 4656 1342 4706 corrrarcaolaada-Aclraia.
1376 4659 1426 4706 lroc
1448 4658 1505 4707 sine

888 4739 968 4788 dubio
993 4741 1094 4789 factum
1120 4747 1175 4804 cst,
1204 4755 1265 4790 cum
1292 4741 1455 4804 provinciam
1481 4757 1504 4791 a.

889 4821 980 4889 797141
998 4826 1104 4878 senatui
1121 4825 1247 4890 reddidit,
1265 4825 1298 4875 cf.
1316 4841 1337 4876 c.
1353 4824 1395 4891 25,
1413 4825 1503 4888 praa
