3322 5512
924 330 963 392 46

105 517 130 592 d.
159 523 212 592 lo.

307 519 437 594 Verum
464 528 602 615 postero
628 519 684 592 die
709 528 744 592 et
770 528 894 592 senatu
920 519 1080 614 segniore
1097 519 1132 590 in
1152 519 1385 614 exsequendis
1403 518 1585 594 eonatibns

304 668 367 739 per
384 644 536 717 taedium
556 668 598 717 ne
617 644 869 717 dissensionem
887 644 1029 717 diversa
1047 644 1276 737 censentium,
1296 654 1330 718 et
1346 645 1585 738 multitudine,

343 816 459 891 Josepo.
485 818 555 874 Ant.
581 815 647 873 Ιιιύ.
678 815 771 887 XIX,
800 817 834 887 4,
866 816 901 887 3,
934 816 999 872 :ne
1025 834 1085 890 sqq.
1128 817 1310 880 συνεκάλουν
1346 816 1378 879 δὲ
1414 817 1439 879 οἱ
1472 815 1585 887 ύπατοι

304 924 358 996 την
390 922 504 1000 βουλίην
537 923 576 994 είς
606 925 638 985 τὸ
670 921 742 1001 ἱερόν
774 928 826 986 τοῦ
857 919 1015 1001 νικηφόρου
1048 920 1196 992 Διός·έτι
1221 923 1252 985 δέ
1276 922 1329 1006 νύξ
1354 918 1397 995 ἦν.
1422 924 1479 986 τῶν
1505 924 1536 987 δέ
1561 925 1586 989 oi

303 1029 358 1105 μέν
390 1031 419 1093 ἐν
444 1039 481 1110 τῇ
507 1029 594 1093 πόλει
618 1029 805 1100 κλέπτοντες
829 1029 953 1099 ἑαυτούς
977 1029 1142 1113 ἐνεδοίαζον
1168 1029 1240 1107 πρὸς
1264 1031 1316 1103 την
1341 1031 1500 1110 οίκρόασιν,
1525 1039 1587 1104 τοῖς

304 1135 335 1198 δὲ
367 1136 418 1200 ε’πί
449 1137 506 1200 τῶν
538 1135 613 1199 ίδίων
646 1137 745 1216 οίγροῖν
779 1135 963 1212 ἐγεγόνεσαν
994 1134 1088 1218 ἔξοδοι
1118 1136 1327 1215 προορωμένοις
1358 1133 1375 1216 ,ἦ
1398 1140 1527 1218 χωρήσει
1552 1138 1585 1204 τὸ

304 1246 366 1305 πᾶν
391 1245 420 1305 ἐν
444 1243 616 1319 ἀπογνώσει
641 1250 691 1307 τοῦ
716 1241 877 1322 ἐλευθέρου
902 1242 1081 1319 γεγονότες,
1112 1241 1162 1306 καί
1187 1244 1266 1307 πολὺ
1289 1251 1422 1323 κρεῖττον
1447 1247 1476 1309 ἕν
1500 1247 1584 1311 ύκιν-

304 1350 376 1430 teve
400 1356 452 1415 τού
476 1351 624 1415 δουλεύειν
649 1350 855 1432 ὑπειληφότες
879 1349 1013 1427 διαβιοῦν
1038 1349 1132 1432 οίργίρι
1157 1354 1206 1413 τοῦ
1228 1358 1325 1414 πονεῖν
1342 1350 1358 1424 ἢ
1377 1351 1448 1437 (καί
1464 1351 1583 1438 Neber)

303 1459 446 1534 κτώμενοι
478 1458 512 1521 τό
543 1457 667 1540 οίξίωμκ
699 1457 756 1520 τῶν
787 1455 924 1535 πατέρων
950 1456 1016 1535 περί
1040 1463 1093 1528 τῆς
1117 1455 1262 1536 σωτηρίας
1285 1458 1460 1538 ἀμφίβολοι
1483 1482 1584 1522 κοιτα-

303 1572 418 1638 στῆναι.
451 1564 657 1640 συνελέγησαν
690 1564 715 1626 δ’
747 1559 826 1639 ὅμως
858 1562 965 1626 ἑκατόν
998 1565 1029 1627 ού
1061 1566 1201 1636 πλείους,
1233 1563 1285 1626 καί
1309 1563 1585 1642 διαβουλευομένων

304 1671 370 1754 περὶ
395 1674 452 1737 τῖον
477 1675 506 1735 ἐν
531 1672 635 1752 χερσίν
660 1670 809 1752 αίφνίδιον
834 1669 950 1750 αίρεται
974 1669 1031 1746 βοίρ
1056 1676 1107 1734 τοῦ
1132 1669 1345 1744 συνεστηκότος
1368 1674 1470 1743 αὐτοῖς
1493 1695 1586 1751 στρα-

303 1786 436 1844 τιωτικοῦ
461 1777 632 1859 στρατηγὸν
657 1776 864 1856 αύτοκροίτορω
889 1775 1068 1839 κελευόντων
1093 1779 1148 1850 την
1173 1777 1286 1854 βουλίην
1311 1775 1441 1842 ἑλέσθαι
1465 1779 1517 1842 καί
1541 1779 1584 1856 μη

303 1884 439 1966 φθείρειν
465 1883 644 1967 πολυαρχία
667 1885 720 1956 την
745 1882 922 1961 ἡγεμονίαν.
947 1879 998 1946 καί
1019 1883 1052 1947 τό
1069 1884 1125 1961 μέν
1142 1882 1218 1948 καθ’
1235 1884 1360 1955 ἑαυτοὺς
1375 1884 1584 1966 ἀπεφαίνοντο

304 1992 370 2072 περί
393 1998 445 2057 τού
469 1994 513 2069 μη
538 1995 658 2083 ποίσινς
679 1992 753 2054 αλλ’
778 1990 818 2053 ἑνί
841 1992 895 2064 τὴν
920 1991 1019 2070 ιἰρχην
1043 1991 1190 2072 ἐφέσιμον
1217 1983 1310 2068 είναι,
1333 1993 1386 2056 εὀίν
1411 1992 1442 2056 δέ
1466 1991 1586 2063 ἐκείνοις

303 2099 490 2179 ἐπιτρέπειν,
521 2097 601 2170 όστις
625 2099 775 2170 τοσαύτης
800 2096 990 2177 προστασίας
1014 2097 1108 2180 ἄξιος.
1133 2097 1209 2163 όίστε
1232 2100 1262 2162 ἒν
1286 2099 1437 2182 οίδημονίρι
1462 2099 1503 2164 τόν
1527 2100 1584 2163 τῶν

303 2213 510 2284 συγκλητικῶν
541 2201 573 2280 ἦν
606 2206 686 2270 πολὺ
718 2205 810 2269 πλέον
844 2205 880 2268 δι’
913 2205 1068 2285 οίμαρτίαν
1095 2207 1284 2292 (διαμαρτία
1307 2208 1426 2293 Naber)
1452 2208 1508 2284 μέν
1533 2214 1585 2272 Ιτού

302 2315 386 2379 κατόν
410 2317 464 2389 την
489 2313 665 2394 ἐλευθερίαν
691 2315 893 2392 αὐχήματος,
927 2311 1016 2394 φόβιρ
1042 2314 1073 2376 δὲ
1097 2319 1148 2378 τοῦ
1173 2314 1334 2379 Κλαυδίου.
1368 2317 1398 2378 ού
1423 2317 1483 2390 μην
1508 2316 1584 2379 ἀλλ’

302 2416 377 2494 ἦσαν
410 2419 434 2486 οί
464 2420 616 2503 ἐφιέμενοι
649 2420 750 2496 γένους
782 2444 815 2483 τε
847 2419 1000 2501 οίξιύματι
1033 2419 1084 2484 καί
1115 2419 1283 2494 οἰκειότησιν
1308 2419 1499 2499 γοίμου·καί
1523 2423 1584 2503 γόορ

303 2528 499 2600 Μινουκιανός
532 2526 671 2614 (Βινίκιον
703 2527 848 2612 Hndson)
881 2530 1005 2606 Μαρκον
1038 2526 1089 2590 καί
1121 2527 1154 2591 τὸ
1178 2525 1254 2590 καθ’
1279 2529 1370 2593 αὑτὸν
1395 2529 1585 2606 γενναιότητι

302 2632 463 2716 ἀξιόλογον
495 2633 567 2698 όντοο
600 2634 651 2696 καί
676 2633 710 2705 δη
735 2633 877 2710 οίδελφην
903 2633 992 2697 Γαίου
1017 2633 1225 2710 γεγαμηκότα
1249 2634 1395 2709 Ἰουλίαν,
1429 2634 1585 2715 πρόθυμός

302 2767 336 2805 τε
361 2737 393 2814 ἦν
420 2739 597 2827 (πρόθυμον
623 2739 695 2804 όντκ
719 2740 819 2800 Naber
840 2759 910 2799 oum
929 2741 1029 2825 Epit.)
1055 2739 1279 2805 οίντιποιείσθαι
1295 2746 1351 2805 τῶν
1370 2743 1584 2822 πραγμύτων,

302 2853 449 2928 κατεῖχον
480 2849 504 2912 οί
533 2846 645 2912 ύπατοι
677 2846 830 2927 πρόφασιν
860 2848 894 2909 έκ
926 2846 1108 2926 προφοίσεως
1139 2848 1525 2930 ύναρτῶντεςὉύαλέριόν
1550 2875 1584 2915 τε

302 2955 476 3020 Ἀσιατικόν
509 2955 691 3024 Βινουκικνος
719 2949 759 3024 είς
782 2959 839 3017 τῶν
864 2954 954 3017 Γαίου
978 2953 1126 3033 σφαγέων
1151 2956 1257 3034 οίνεῑχε
1281 2956 1417 3020 τοιούτων
1442 2957 1583 3022 διανοιῶν.

301 3065 438 3141 ἐγεγόνει
471 3065 496 3127 δ’
529 3061 565 3127 όον
598 3062 690 3142 φόνος
722 3060 754 3125 ού
785 3085 862 3131 τινος
895 3059 1031 3125 ἐλοίσσων
1065 3059 1317 3141 ἐπιχωρηθέντων
1343 3065 1460 3150 (συγχ.
1485 3065 1585 3127 Naber

302 3192 370 3232 oum
395 3171 552 3255 Epitome)
586 3174 641 3232 τῶν
679 3166 907 3245 ἐπιθυμούντων
939 3175 992 3240 τῆς
1025 3168 1208 3245 ἡγεμονίας,
1244 3168 1319 3234 ὥστε
1351 3171 1584 3254 οίντιτοίξασθαι

303 3278 451 3358 Κλαυδίῳ.
485 3280 589 3346 ἄλλως
619 3301 652 3339 τε
676 3275 728 3338 καί
754 3275 778 3338 οί
802 3273 994 3354 μονομοίχοι,
1027 3273 1149 3347 πλῆθος
1174 3276 1199 3338 δ’
1225 3271 1256 3348 ἦν
1281 3279 1378 3341 αὐτῶν
1403 3279 1583 3361 οίξιόλογον,

301 3384 353 3447 καί
387 3389 442 3446 τῶν
476 3387 664 3463 στρατιωτῶν
697 3383 721 3446 οἱ
752 3387 1054 3463 νυκτοφυλακοῦντες
1086 3382 1136 3445 ε’πί
1167 3389 1221 3454 τῆς
1253 3383 1385 3457 πόλεως,
1421 3385 1518 3464 ε’ρέται
1549 3411 1584 3451 τε

302 3491 418 3564 όπόσοι,
452 3490 599 3571 συνέρρεον
624 3491 664 3560 είς
688 3490 721 3553 τὸ
746 3487 967 3569 στρατόπεδον,
992 3487 1068 3553 ε’όστε
1092 3494 1148 3554 τῶν
1173 3490 1333 3567 μετιόντων
1358 3493 1411 3565 την
1434 3493 1535 3572 οίρχην
1559 3493 1585 3557 οἱ

302 3599 357 3675 μὲν
383 3598 485 3679 φειδοῖ
504 3605 557 3671 τῆς
581 3597 713 3670 πόλεως,
739 3597 763 3660 οί
787 3598 818 3660 δὲ
842 3597 894 3660 καί
920 3596 1009 3676 φόβην
1034 3598 1073 3676 τω
1098 3597 1171 3678 ὑπὲρ
1197 3600 1294 3662 αὑτων
1319 3598 1509 3673 ἀπέστησαν.

301 3830 391 3873 tamen
409 3840 565 3888 responsum
583 3825 663 3888 legati
681 3826 801 3872 tulerunt
819 3839 913 3873 seeun—
968 3823 1101 3885 taedium,
1120 3839 1172 3886 quo
1188 3825 1315 3874 dissensio
1331 3840 1374 3874 eos
1389 3827 1521 3875 affecerat.
1544 3827 1582 3875 De

302 3911 366 3958 durn
383 3910 528 3972 Josephum
546 3909 607 3958 Ant.
625 3909 681 3957 Iud.
700 3910 716 3957 l.
736 3910 751 3957 l.
771 3906 783 3970 ἓ
801 3908 851 3957 ‘de
869 3907 913 3968 (ef.
968 3908 1130 3956 dissensione
1148 3910 1179 3958 cf.
1199 3909 1245 3958 Dio
1263 3908 1304 3970 60,
1327 3908 1350 3972 i,
1371 3909 1400 3958 i:
1424 3906 1518 3959 πολλαί
1535 3906 1582 3960 καί

301 3992 473 4055 testimonia).
967 3989 1084 4041 ποικίλαι
1109 3995 1212 4056 γνῶμαι
1238 3989 1387 4057 ἐλέχθησαν
1412 4020 1446 4029 -
1468 3991 1515 4043 καί
1538 3991 1582 4044 διὰ

332 4085 439 4140 postero
457 4079 506 4127 ute.
524 4093 547 4127 a.
566 4079 590 4126 d.
607 4078 665 4126 Vlli
684 4079 736 4127 kal.
750 4078 838 4140 Febr„
852 4093 913 4126 narn

302 4177 324 4210 a.
343 4162 367 4210 d.
385 4162 456 4210 Vliil
483 4163 535 4212 kal.
559 4163 632 4211 Febr.
660 4163 741 4211 Gaius
758 4163 914 4211 interiectus

302 4251 355 4309 est,
373 4248 405 4296 cf.
424 4247 496 4296 Suet.
515 4247 571 4296 Gai.
590 4246 629 4296 58.

335 4338 431 4380 senato
449 4333 579 4393 sequiore.
604 4337 712 4382 senatus
734 4337 799 4381 tunc
818 4348 913 4380 convo-

301 4420 376 4464 catus
402 4422 459 4465 erat
479 4418 506 4465 in
524 4419 653 4479 tempium
674 4417 740 4465 Iovis
757 4416 869 4465 Victoris
887 4417 913 4464 in

301 4499 428 4562 Capitolio
460 4500 519 4562 (Dio
549 4501 589 4564 (30,
615 4500 671 4563 35),
704 4501 749 4549 sed
776 4515 828 4549 non
856 4501 914 4561 pius

301 4590 408 4634 eentum
435 4591 570 4635 senatores
593 4591 745 4648 praesentes
768 4590 856 4648 erant,
881 4586 912 4634 es.

301 4669 404 4732 ,iosepn
423 4670 483 4718 Ant.
502 4671 557 4718 lud.
576 4671 592 4718 l.
611 4671 627 4718 l.
647 4668 659 4730 ἓ
677 4669 734 4720 248.

333 4769 384 4816 per
407 4756 528 4804 taediron
551 4771 582 4804 ar
605 4755 810 4804 dissensionem.
849 4757 913 4804 haee

301 4838 451 4888 dictasunt
469 4855 514 4901 per
532 4839 645 4902 figuram
663 4837 690 4886 ἓν
706 4835 749 4888 διὰ
762 4836 849 4903 duom
869 4856 914 4903 pen

968 4081 1045 4124 τοῦτο
1071 4072 1118 4140 τὴν
1143 4073 1245 4140 ἡμέραν
1271 4073 1318 4141 τὴν
1342 4073 1436 4142 λοιπὴν
1463 4075 1509 4127 καί
1535 4074 1582 4143 τὴν

967 4159 1050 4211 νύκτα
1075 4166 1161 4210 πᾶσαν
1185 4158 1347 4226 κατέτριψαν
1369 4157 1454 4226 μηδὲν
1477 4159 1581 4212 τελειώ-

968 4263 1065 4301 σαντες.

1001 4334 1180 4382 multitudine
1197 4347 1266 4395 ιριιαο
1287 4333 1488 4381 circumstabat.
1514 4331 1581 4382 Sue·

967 4419 1057 4466 tonius
1069 4433 1172 4480 semper
1184 4433 1277 4480 parcus
1291 4416 1443 4480 uerborum,
1464 4418 1511 4466 hoo
1526 4419 1582 4467 loco

967 4503 1048 4551 etiarn
1067 4502 1194 4551 obscurus
1212 4507 1258 4550 est.
1278 4502 1345 4561 Quid
1362 4503 1433 4551 enim
1447 4502 1580 4553 obiectum

968 4588 1036 4635 vonis
1052 4587 1245 4635 cirrunnstobat
1254 4588 1301 4650 sit,
1319 4595 1445 4637 senatu-ni
1455 4602 1489 4636 an
1501 4587 1581 4636 Clan-

967 4673 1045 4719 dinnu
1063 4672 1116 4719 iarn
1135 4671 1273 4720 diiudicari
1291 4674 1397 4735 nequit,
1426 4673 1518 4735 itaque
1534 4687 1581 4722 ex·

968 4757 1073 4818 plicatio
1091 4771 1198 4818 quoqne
1211 4757 1280 4805 vocis
1290 4757 1581 4806 nrnltitndineineertu

968 4846 1014 4889 est.
1042 4841 1069 4890 Si
1095 4847 1220 4890 senatum
1246 4845 1287 4890 est
1312 4841 1459 4904 obiectum,
1486 4843 1581 4890 collato
