3322 5512
773 327 829 391 143

162 509 221 611 qui
260 535 365 612 saepe
403 510 493 589 inter
531 515 619 591 duos
658 517 820 590 consules
858 513 1079 611 ambulabat,
1119 513 1183 591 sed
1216 525 1297 592 ante
1331 519 1442 592 omnis

160 639 364 714 Narcissum
412 641 457 714 ab
505 640 681 736 epistulis,
729 651 764 715 et
802 641 997 715 Pallantem
1036 667 1059 715 a
1096 643 1306 738 rationibus,
1352 668 1441 740 quos

198 837 259 896 Dio
281 838 363 914 apud
386 838 457 896 Zou.
478 837 531 896 XI
547 840 579 911 9,
594 857 627 914 p.
650 840 720 897 467.
763 834 838 912 ἦσοιν
863 840 895 902 δὲ
919 847 995 918 τρεῖς
1013 839 1243 928 (ἐξελεύθεροι)
1261 842 1285 905 οί
1300 841 1439 919 μάλιστά

159 943 193 1007 τὸ
218 947 327 1024 κράτος
352 946 544 1027 διειληφότες
569 970 575 984 ·
601 943 617 1010 i‘
638 971 672 1011 τε
697 946 890 1018 Κάλλιστος,
915 936 945 1015 ὃς
968 945 1019 1009 ἐτί
1044 953 1112 1018 τοῖς
1135 946 1258 1024 βίβλοις
1274 950 1330 1011 τῶν
1348 949 1438 1032 rigni-

158 1074 230 1114 σειον
255 1052 401 1117 ἐτέτοικτο
428 1076 435 1091 ·
460 1054 511 1118 nai
536 1058 550 1118 o‘
574 1049 761 1134 Νάρκισσος,
786 1043 816 1122 is
840 1053 897 1115 τοῖν
922 1053 1089 1115 ἐπιστολῶν
1114 1053 1295 1127 ἐπεστάτει,
1321 1055 1363 1119 διδ
1387 1055 1439 1119 nal

158 1158 342 1238 ἐγχειρίδιον
375 1161 583 1244 τοιρεζάννντο
609 1184 616 1198 ·
640 1162 692 1225 nal
725 1159 910 1232 ὅΠάλλοις,
943 1152 1085 1238 altrei
1110 1161 1279 1240 χρημάτων
1304 1161 1440 1235 διοίκησις

158 1264 397 1340 ἑμσετίστεντο.
966 1312 968 1316 -

199 1373 323 1449 (Victor)
345 1375 426 1451 Epit.
447 1376 498 1435 IV
516 1378 543 1435 8,
586 1376 649 1453 Hos
670 1393 772 1434 omnes
793 1373 925 1432 anteibat
945 1372 1105 1433 Narcissus
1119 1375 1155 1433 ab
1170 1375 1324 1452 epistulis,
1346 1376 1439 1435 domi-

157 1497 229 1538 num
251 1498 283 1539 se
303 1500 411 1557 gerens
432 1483 528 1560 ipsius
549 1482 676 1554 domini,
698 1481 859 1557 Pallasque
879 1480 1035 1556 praetoriis
1057 1481 1238 1540 ornamentis
1253 1483 1439 1543 sublimatus,

197 1586 258 1646 Dio
281 1591 333 1663 60,
357 1591 414 1663 34,
437 1592 456 1648 4
478 1609 520 1666 sq.
562 1588 747 1652 inaudisse
774 1588 806 1673 (i
832 1586 1023 1672 Νάρκισσος)
1051 1626 1095 1636 -—
1119 1586 1264 1664 μέγιστον
1289 1591 1346 1653 τῶν
1371 1592 1440 1654 τότε

157 1690 324 1772 ἀνθρώπων
350 1693 486 1768 δυνηθείς
512 1719 518 1732 ·
544 1735 586 1744 -
599 1695 650 1759 nal
674 1695 752 1768 δῆτοι
766 1695 817 1758 κοιί
832 1693 901 1758 τότε
914 1691 1206 1775 άσοσφοιγάσεσθοιι
1218 1695 1338 1772 μέλλων
1353 1711 1438 1774 λοιμ-

159 1799 230 1879 spir
255 1799 340 1880 ἔργον
366 1801 551 1884 διεπράξατο
577 1825 584 1839 ·
609 1801 650 1865 τοὶ
675 1801 735 1881 γάρ
761 1802 940 1881 γράμμοιτοι
965 1809 1017 1866 τοῦ
1042 1801 1211 1876 Κλοινδίον,
1236 1798 1290 1866 ὅσοι
1313 1842 1371 1874 -,
1396 1799 1440 1868 oia

155 1904 212 1976 τάς
236 1906 403 1976 ἐπιστολάς
426 1910 518 1973 aaron
543 1908 673 1980 διοικῶν,
698 1901 782 1988 εἶχε,
808 1906 914 1972 τάντοι
941 1907 1199 1988 σροκοιτέκοινσεν.

160 2211 221 2259 exul
247 2216 361 2260 exeunte
387 2226 410 2260 a.
434 2209 525 2276 796113
549 2215 590 2262 vel
614 2214 724 2262 ineunte
747 2227 771 2262 a.

159 2293 250 2359 rerinl
267 2297 369 2360 scripsit
384 2298 605 2360 consolationem,
623 2297 704 2347 fratre
714 2297 771 2345 eius

159 2385 224 2430 natu
251 2380 353 2429 minore
377 2386 489 2430 mortuo.
513 2381 550 2430 Ex
574 2395 627 2444 qua
646 2381 771 2430 discimus

159 2465 299 2530 Polybium
317 2466 398 2515 etiam
417 2481 432 2515 a
449 2466 545 2515 libellis
563 2465 666 2515 Claudii
675 2465 770 2528 luisse,

158 2552 189 2600 cf.
214 2551 248 2600 Vl
271 2551 301 2600 5:
328 2552 467 2600 audienda
490 2558 554 2601 sunt
573 2558 610 2601 tot
628 2551 770 2600 hominurn

157 2637 246 2698 milia,
257 2642 294 2686 tot
302 2637 465 2699 disponendi
477 2638 567 2687 libelli.
578 2643 668 2686 tantus
678 2651 771 2686 reruni

159 2736 192 2770 ca
223 2721 287 2770 orbe
317 2727 370 2771 toto
396 2723 549 2772 coeuntiurn
575 2728 715 2784 conpestus
741 2727 771 2770 ut

157 2807 241 2868 possit
275 2822 326 2870 per
360 2808 486 2857 ordinem
520 2821 601 2856 suurn
634 2807 771 2869 principis

158 2892 276 2940 ινιαοσὶινιιΙ
301 2894 395 2941 aninlo
421 2892 519 2955 subici,
545 2892 691 2954 elipandus
709 2897 771 2940 luas

158 2982 203 3026 cst.
229 2977 291 3026 Non
318 2978 379 3026 licet
397 2977 460 3040 tibi,
485 2979 615 3039 inqriani,
638 2976 716 3040 (lere,
741 2983 772 3025 ut

156 3063 256 3111 niultos
279 3061 374 3125 slantes
398 3063 497 3111 audire
518 3062 613 3123 possis.
642 3067 673 3109 ut
694 3062 770 3123 peri-

157 3147 314 3195 clitantium
336 3153 362 3196 ct
384 3147 421 3194 ad
445 3146 664 3195 misericordiane
680 3146 770 3194 uritis·

156 3231 221 3279 sinti
230 3232 353 3280 Caesaris
359 3233 502 3294 pervenire
512 3230 680 3292 cupientium
690 3230 770 3278 lacn·

155 3329 218 3364 ntae
235 3316 357 3364 <siccari
371 3317 500 3378 possint>
520 3314 567 3364 tibi
585 3320 645 3363 triac
658 3320 767 3365 <onte>

54 3434 60 3442 .
156 3399 297 3448 siccandas
314 3406 385 3449 sunt.
405 3400 442 3448 De
462 3401 579 3462 potentia
588 3400 645 3448 eius
654 3399 686 3448 cf.
702 3414 770 3462 qnae

156 3489 248 3533 narrat
265 3485 312 3534 Dio
329 3483 376 3548 60,
393 3483 440 3546 89,
458 3482 481 3533 3.
504 3484 663 3532 Interiectus
679 3488 769 3532 tamen

156 3583 171 3617 a
197 3568 306 3618 Claudio
330 3578 370 3618 est
394 3583 416 3618 a.
440 3566 532 3630 socier
556 3568 598 3616 vel
614 3567 690 3616 initio
708 3568 770 3616 anni

155 3650 262 3716 801118,
280 3653 439 3702 criminante
449 3652 590 3701 Messalina
600 3652 685 3709 leuius
694 3651 770 3700 adul-

155 3743 197 3786 ter
220 3752 328 3800 quoque
350 3735 448 3797 fuerat)
470 3737 523 3799 ira,
548 3740 578 3784 ut
602 3736 706 3784 videtur
728 3736 770 3784 in·

155 3835 235 3871 censa
252 3822 322 3884 quod
341 3836 401 3870 eam
411 3836 424 3869 a
435 3820 498 3870 Silio
508 3820 635 3882 repellere
644 3819 771 3867 voluisset

154 3903 216 3967 (Dio
233 3904 278 3969 60,
295 3904 341 3968 31,
359 3905 382 3954 2.
402 3905 462 3954 Zon.
476 3902 579 3967 1111ορ
596 3901 652 3952 167.
671 3902 771 3953 Seneca

154 3990 260 4053 Apocol.
290 3989 333 4053 13,
358 3990 393 4052 5).
420 3990 545 4038 Poeticen
567 4003 630 4038 eum
652 3989 770 4052 attigisse

154 4079 271 4124 testatur
300 4073 414 4138 Seneca,
445 4075 493 4138 qui
517 4073 600 4135 (cons.
623 4073 655 4121 ad
679 4073 769 4136 Polyb.

154 4157 185 4222 8,
208 4158 232 4208 2.
256 4156 286 4220 33
310 4157 356 4221 11,
380 4158 403 4208 5.
425 4157 453 4219 6)
470 4164 498 4208 et
516 4159 659 4207 Homerum
678 4157 770 4206 Latine

154 4248 183 4293 et
200 4244 348 4306 Vergilium
368 4243 467 4293 Graece
486 4243 519 4292 ab
536 4257 567 4291 eo
584 4257 671 4291 versos
687 4242 770 4305 inque

154 4328 250 4392 Aesopi
267 4329 371 4378 fabulas
390 4328 515 4377 vertendo
533 4342 595 4376 eum
612 4331 770 4389 occupatum

155 4427 213 4462 esse
239 4413 328 4462 tradit.
355 4411 516 4474 <Det1eisen,
542 4412 595 4462 ind.
619 4412 685 4460 Plin.
712 4427 731 4460 s
747 4427 769 4460 v.

155 4496 309 4546 dubitanter
327 4497 477 4560 suspicatus
497 4501 551 4561 est,
570 4497 644 4546 hunc
655 4496 770 4545 eundern

154 4595 212 4630 esse
239 4595 320 4644 quem
346 4581 413 4630 Plin.
440 4581 470 4631 H.
499 4582 530 4631 N.
555 4578 770 4643 131(31,131)

153 4665 225 4714 inter
242 4669 362 4715 auctores
379 4666 485 4715 Latinos
503 4664 642 4726 nominat.)

189 4749 218 4798 ln
245 4748 329 4798 officio
355 4750 504 4798 studiorum
530 4749 634 4799 Claudii
661 4749 685 4798 ei
710 4765 770 4799 suc-

154 4833 263 4883 cessisse
276 4834 423 4896 videturis,
437 4834 483 4897 qui
493 4834 647 4883 nominatur
656 4835 682 4882 in
691 4834 770 4882 titulo

199 2014 277 2074 Plin.
299 2035 340 2091 ep.
368 2015 443 2074 VIII
459 2019 493 2090 6,
518 2020 541 2075 7.
583 2016 738 2076 custodem
759 2015 947 2091 (Pallantem)
969 2016 1179 2094 principalium
1200 2035 1298 2093 opum.

827 2213 927 2262 urbano
945 2213 972 2263 0.
991 2215 1009 2263 Ι.
1028 2214 1055 2264 L.
1074 2214 1107 2263 Vl
1126 2213 1192 2264 8636
1203 2231 1232 2259 =
1243 2215 1314 2264 Dess.
1325 2213 1438 2264 nlbii‘l:

829 2298 866 2346 Ti.
877 2298 1008 2348 Claudius
1015 2299 1144 2349 Leninius
1153 2301 1209 2349 dini
1218 2299 1438 2362 ClarrdiAupusti

826 2383 870 2432 lib.
888 2400 913 2433 u.
931 2385 1045 2435 studiis:
1063 2385 1090 2433 in
1103 2386 1186 2434 altero
1196 2383 1280 2434 olsrcio
1289 2386 1389 2448 collega
1398 2388 1439 2434 vel

824 2483 958 2517 successor
983 2468 1040 2518 eius
1063 2469 1144 2517 luisse
1171 2469 1276 2518 ridetur
1301 2468 1439 2533 CallistuS,

824 2566 905 2615 quern
923 2551 1026 2601 Claudii
1043 2567 1059 2602 a
1077 2552 1172 2602 libellis
1189 2554 1272 2602 fuisse
1291 2555 1373 2603 tradit
1391 2555 1438 2603 Dio

825 2635 894 2698 apud
913 2637 972 2686 Zon.
991 2637 1026 2686 xl
1044 2636 1076 2686 10
1095 2653 1117 2701 p.
1136 2636 1193 2687 167.

858 2727 921 2771 ante
929 2723 1026 2772 arianis.
1035 2723 1124 2771 omisit
1133 2722 1276 2772 Suetonius
1285 2721 1438 2786 Callistum,

825 2805 856 2854 de
866 2821 919 2868 quo
929 2806 987 2854 vide
994 2805 1166 2870 Nipp.·Andr.
1174 2808 1204 2856 ad
1213 2807 1272 2856 Tac.
1280 2807 1347 2857 Ann.
1355 2808 1390 2857 Xl
1398 2807 1438 2858 ⁸29.

858 2890 1008 2940 Narcissus.
1044 2892 1124 2940 huius
1155 2907 1252 2941 nornen
1283 2893 1382 2956 legitur
1410 2894 1438 2941 in

825 2973 915 3024 fistula
938 2975 1062 3038 plumbea
1085 2975 1196 3038 aquaria
1220 2975 1318 3024 Romae
1336 2982 1439 3038 reperta

824 3059 893 3108 Bull.
910 3057 982 3108 Gom.
999 3057 1066 3108 1886
1084 3076 1106 3123 p.
1124 3058 1174 3108 101
1191 3075 1220 3102 =
1238 3060 1309 3108 Dess.
1325 3059 1438 3109 η.1666;

824 3142 946 3192 Narcissi
966 3142 1037 3205 Αιιρ.
1055 3146 1070 3192 1.
1089 3145 1122 3192 ab
1140 3144 1265 3206 epistulis
1283 3148 1310 3192 et
1328 3144 1439 3193 fortasse

824 3228 905 3276 etiam
923 3229 950 3276 in
968 3228 1047 3276 titulo
1064 3227 1091 3277 0.
1115 3229 1132 3278 l.
1151 3228 1178 3277 L.
1198 3227 1298 3277 116641
1318 3245 1348 3271 :.
1367 3228 1438 3279 [less.

825 3326 850 3360 n.
868 3309 930 3361 191:
957 3312 1091 3361 Macronis
1108 3327 1219 3361 saorunc
1233 3327 1286 3374 pro
1304 3314 1392 3362 salute
1411 3312 1436 3362 C.

826 3395 948 3445 Caesaris
970 3395 1089 3458 Aupusti
1115 3396 1272 3446 Germanici
1295 3397 1438 3445 Narcissus

826 3479 852 3528 C.
878 3480 1009 3530 Caesaris.
1033 3479 1104 3542 (Non
1122 3482 1154 3529 ad
1172 3496 1234 3529 eum
1253 3486 1355 3543 spectat
1373 3480 1399 3529 0.
1418 3482 1436 3530 l.

824 3562 851 3611 L.
876 3562 934 3612 xlv
956 3562 1023 3612 atos
1042 3579 1071 3606 =
1092 3565 1163 3613 Dess.
1181 3580 1207 3614 n.
1225 3563 1305 3614 4632:
1329 3566 1437 3615 Naroisi

827 3647 864 3696 Τι’,
895 3646 991 3696 Claudi
1020 3647 1176 3697 Britannici
1204 3665 1290 3712 supra
1319 3651 1437 3712 insilias,

825 3737 856 3781 ut
878 3737 936 3794 post
959 3732 1005 3781 Pb.
1029 3733 1092 3782 Aur.
1116 3733 1278 3783 Viscontiurn
1298 3735 1436 3784 Lehmann

824 3817 852 3872 (l.
871 3817 887 3865 l.
906 3832 928 3879 p.
946 3814 996 3865 113
1013 3816 1035 3865 Α
1052 3815 1079 3878 3)
1098 3823 1126 3867 et
1144 3819 1316 3882 Nipp-Andr.
1335 3821 1368 3869 ad
1377 3819 1436 3870 Tac.

824 3900 892 3949 Ann.
918 3901 953 3949 111
979 3899 1012 3949 89
1036 3901 1151 3964 putant).
1174 3929 1207 3936 —
1231 3903 1333 3953 Claudii
1356 3904 1437 3953 liber-

824 3993 883 4034 tum
906 4000 969 4033 eum
994 3986 1075 4035 inisse
1103 3988 1184 4036 tradit
1209 3987 1352 4037 Suetonius
1378 3986 1436 4052 (qui

824 4075 914 4119 tamen
931 4070 959 4119 in
977 4071 1096 4120 Pallante
1113 4077 1141 4121 et
1158 4072 1243 4122 Felice
1260 4072 1382 4135 erravit),
1398 4074 1437 4122 ita

825 4161 855 4204 ut
872 4157 980 4217 plenum
998 4156 1023 4204 ei
1041 4171 1137 4205 nomen
1155 4157 1237 4206 fuisse
1259 4158 1295 4206 Ti.
1307 4157 1436 4206 Claudius

824 4241 967 4289 Narcissus
993 4241 1134 4290 verisimile
1161 4242 1211 4305 sit,
1238 4243 1308 4305 quod
1333 4246 1435 4291 certum

824 4329 906 4386 esset,
932 4325 953 4373 si
979 4325 1112 4388 genuinus
1137 4331 1207 4375 esset
1233 4327 1330 4375 titulus
1355 4325 1437 4376 Orelli

824 4409 873 4458 720
891 4426 921 4453 =
939 4409 966 4459 (l.
988 4411 1006 4460 l.
1017 4411 1043 4460 L.
1064 4409 1182 4461 V154t2
1201 4413 1232 4460 D.
1251 4412 1286 4461 M.
1306 4412 1437 4461 Claudiae

824 4496 1007 4556 Dicaeosynae
1028 4496 1065 4545 Ti.
1085 4496 1214 4545 Claudius
1231 4497 1373 4545 Narcissus
1389 4497 1435 4546 lib.

824 4580 875 4629 eid.
893 4580 980 4629 conia.
995 4581 1185 4642 pientissimae
1194 4585 1220 4628 et
1230 4580 1437 4642 [rupalissiniae

825 4666 847 4713 b.
864 4680 915 4726 nu,
933 4665 965 4713 ad
983 4679 1064 4728 quem
1083 4665 1229 4713 Mommsen
1248 4663 1286 4726 (C.
1301 4665 1319 4713 l.
1329 4665 1357 4713 L.
1376 4666 1392 4713 l.
1407 4663 1436 4725 l.)

823 4749 889 4797 haec
906 4754 1029 4797 annotat:
1047 4748 1227 4811 „Testimonis
1240 4753 1379 4797 auctorum
1389 4753 1436 4797 aut

824 4834 987 4882 incertorum
1011 4840 1059 4882 aut
1081 4833 1311 4882 fraudulentorum
1331 4833 1435 4881 deloco
