3322 5512
924 320 963 382 78

207 566 214 580 .
307 516 461 580 tuantcm
487 505 531 581 ob
557 530 623 580 non
650 506 805 580 redditos
829 510 1040 603 transfugas.
1079 509 1161 580 Huc
1187 533 1263 581 curn
1291 511 1335 582 ab
1362 509 1463 584 Ostia
1488 508 1586 584 navi-

305 641 423 727 garet,
451 632 646 706 vehementi
663 631 766 705 circio
783 633 837 705 bis
853 657 965 728 paerrc
983 633 1165 706 demersus
1182 644 1252 727 est,
1277 659 1385 731 prope
1403 635 1585 731 Liguriam

346 831 404 889 Dio
428 833 476 903 60,
501 829 953 906 21,1sqq.=Zon.X19p.
976 832 1048 889 465.
1091 830 1140 894 διοί
1180 856 1213 895 τε
1253 827 1299 897 οὖν
1339 839 1425 897 τοῦτο
1457 833 1509 897 καὶ
1542 829 1586 897 ύτι

305 938 358 1002 καὶ
389 944 440 1002 τοῦ
471 936 685 1014 Τοχοδούμνου
709 934 885 1017 φθαρέντος
909 937 934 1001 οἱ
957 938 1116 1017 Βρεττανοὶ
1141 942 1200 1020 ούχ
1224 936 1288 1004 ύσον
1313 941 1472 1014 ἐνέδοσαν,
1497 940 1586 1005 ιἰλλοδ

303 1044 500 1120 καὶμᾶλλον
526 1042 597 1122 πρὸς
620 1044 674 1117 τὴν
699 1043 841 1122 τιμωρίαν
866 1046 959 1107 αὐτοῦ
983 1045 1234 1121 ἐπισυνέστησαν,
1260 1047 1415 1130 φοβηθεὶς
1438 1053 1452 1113 o‘
1475 1049 1585 1113 Πλαύ-

303 1176 364 1223 τιος
399 1150 494 1215 οὐκέτι
531 1149 695 1230 περαιτέρω
732 1149 958 1230 προεχώρησεν,
994 1152 1068 1215 ἀλλ’
1100 1152 1192 1225 αύτίς
1223 1178 1257 1217 τε
1289 1153 1330 1218 τοὶ
1362 1153 1501 1234 παρύντα
1536 1155 1586 1218 δια

305 1265 450 1340 Φυλακῆς
482 1258 645 1328 ἐποιήσατο
670 1256 721 1321 καὶ
745 1255 794 1318 τὸν
819 1257 969 1320 Κλαύδιον
993 1258 1222 1339 μετεπέμψατο
1249 1283 1255 1297 ·
1280 1259 1375 1340 είρνρτο
1400 1260 1460 1340 γαρ
1485 1263 1585 1341 αὐτῷ,

303 1365 331 1431 εί
358 1389 386 1429 τι
417 1362 582 1443 βιαιότερον
614 1363 766 1440 γίγνοιτο,
808 1369 894 1427 τοῦτο
927 1371 1066 1439 ποιῆσαι,
1098 1366 1150 1430 καὶ
1184 1369 1360 1447 παρασκευή
1393 1391 1431 1443 χε
1463 1369 1515 1432 ἐπὶ
1547 1376 1584 1442 τῇ

304 1471 449 1554 στρατείρι
475 1473 576 1544 πολλὴ
600 1476 656 1535 τῶν
680 1495 714 1534 τε
738 1467 841 1534 σίλλων
866 1470 919 1534 καὶ
943 1472 1121 1552 ἐλεφαντων
1147 1473 1376 1552 προσυνείλεκτο
1404 1473 1585 1548 ,ἐλθούσης

304 1581 335 1644 δέ
366 1587 419 1653 τῆς
448 1578 604 1656 οίχχελίας
629 1579 641 1642 ὃ
667 1578 816 1648 Κλαύδιος
840 1577 881 1641 τοὶ
905 1577 961 1654 μέν
986 1577 1055 1643 οίκοι
1079 1581 1120 1660 τῷ
1144 1580 1312 1660 Οὐιτελλίῳ
1336 1582 1377 1661 τῷ
1403 1581 1518 1661 Λουκίῳ
1543 1583 1585 1661 τῷ

303 1686 483 1767 συνάρχοντι
514 1684 555 1750 τοί
587 1709 621 1748 τε
652 1683 739 1748 ἄλλα
771 1684 822 1748 καὶ
852 1685 920 1755 τοὺς
953 1686 1142 1766 στρατιώτας
1165 1687 1345 1767 ἐνεχείρισε,
1369 1727 1414 1736 -
1437 1688 1528 1760 αὐτὸς
1554 1689 1585 1751 δέ

302 1792 569 1877 ἐξεστρατεύσατο.
602 1792 654 1855 καὶ
685 1792 909 1861 καταπλεύσας
934 1792 1027 1862 ἐςτίν
1051 1794 1174 1857 Ὤστια
1198 1792 1316 1858 ἐκεῖθεν
1341 1795 1370 1865 ἐς
1394 1794 1585 1859 Μασσαλίαν

303 1898 527 1982 παρεκομίσθη.

349 2009 446 2068 Victor
470 2007 550 2067 Caes.
572 2007 592 2065 Ι
594 2006 622 2058 V
640 2008 668 2064 2.
711 2004 796 2064 Ostia
817 2005 968 2081 profectus
990 2005 1072 2064 mari.

300 2209 423 2258 novimus
434 2207 590 2256 Admiuium
603 2212 630 2255 et
642 2206 772 2254 Vericum.
790 2203 829 2253 Ob
842 2205 914 2252 hunc
971 2203 1105 2262 Quosdam
1138 2213 1230 2256 autem
1258 2207 1434 2270 Tranquillus
1456 2211 1586 2271 proprios

299 2292 326 2355 (a
344 2293 398 2342 solo
417 2292 499 2340 Dione
516 2289 555 2353 60,
572 2288 639 2354 10,1
655 2287 913 2345 memoratumlbel·
969 2290 1089 2338 locorum
1106 2289 1188 2353 flatus
1205 2293 1285 2340 certis
1303 2294 1425 2354 appellnt
1442 2294 1586 2357 uocabulis,

302 2379 357 2426 lum
376 2380 480 2440 gestum
495 2390 548 2424 non
561 2376 679 2437 videtur,
697 2375 729 2423 cf.
739 2373 861 2423 Momms.
870 2375 886 2421 l.
896 2373 912 2420 l.

300 2461 440 2510 Adminius
465 2474 526 2508 vero
554 2458 624 2508 filius
647 2458 814 2508 Cunobellini
832 2459 913 2521 regiS,

300 2547 376 2595 cuius
394 2560 439 2593 arx
456 2545 509 2592 fuit
526 2542 739 2592 Gamalodunum
754 2540 912 2603 (hodieCol-

300 2627 427 2692 chester),
452 2629 535 2677 frater
556 2627 722 2691 Togodnmni
745 2632 772 2675 et
795 2625 913 2675 Carataci

301 2715 360 2777 (Dio
383 2714 430 2778 60,
453 2713 499 2778 00,
522 2712 546 2762 1.
570 2713 629 2763 Tac.
647 2713 715 2762 Ann.
732 2712 780 2761 XII
798 2711 838 2760 33.
856 2709 913 2773 36);

301 2816 316 2850 0
334 2805 408 2863 patre
426 2799 551 2861 expulsus
569 2802 670 2847 enatet
688 2812 703 2846 a
718 2795 782 2846 Gaio
794 2802 914 2859 receptus

300 2885 384 2947 (Suet.
403 2882 460 2933 Gai.
478 2882 530 2942 lt).
548 2881 595 2931 Hic
604 2881 661 2930 sine
671 2881 750 2930 dubio
759 2885 848 2929 nostro
858 2881 913 2928 loco

299 2970 496 3032 intellegendus
519 2972 573 3029 est,
595 2967 628 3016 cf.
647 2966 767 3014 Momms.
786 2965 801 3013 l.
821 2963 912 3013 1150.

336 3053 394 3102 Huc
418 3067 480 3102 cum
506 3052 539 3100 ab
567 3050 639 3100 Ostia
665 3052 814 3113 navigaret.
841 3054 914 3112 parte

300 3138 442 3201 posteriore
467 3152 490 3185 a.
517 3133 622 3198 796143,
654 3137 686 3185 cl.
721 3136 767 3185 Dio
800 3134 846 3198 60,
872 3133 912 3183 01.

300 3222 346 3284 03,
369 3221 392 3271 1.
416 3220 494 3282 (falso
517 3220 625 3270 Orosius
648 3219 742 3282 11116,
764 3219 913 3283 ascripsit:

300 3314 398 3370 quarto
410 3307 524 3368 imperii
536 3307 579 3355 sui
592 3322 664 3356 anna
674 3333 704 3339 -
714 3307 914 3368 capeditionem

300 3395 330 3442 in
359 3392 538 3442 Britanniam
563 3387 665 3451 ararit).
702 3389 737 3439 Ut
762 3405 793 3438 ex
820 3390 913 3438 eodem

301 3479 382 3528 Dione
404 3477 541 3538 videmus,
565 3475 594 3524 Α.
618 3474 751 3536 Plautius,
775 3474 822 3537 qui
839 3488 913 3522 exer-

300 3563 365 3612 citui
381 3563 409 3611 in
424 3561 561 3610 Britannia
575 3563 707 3623 praeerat,
724 3560 785 3608 cuin
801 3559 915 3607 ulterius

301 3646 421 3709 progredi
446 3660 499 3694 non
523 3644 645 3706 auderet,
669 3642 809 3692 Claudium
828 3658 914 3692 arces-

300 3732 372 3794 sivit,
388 3731 477 3780 iussus
487 3730 535 3779 hoc
544 3730 643 3791 facere,
656 3728 677 3776 si
688 3728 806 3777 Britanni
817 3729 915 3777 violen-

300 3817 354 3865 tius
372 3816 538 3876 resisterent,
556 3814 588 3862 cf.
602 3813 649 3861 Dio
664 3810 704 3875 60,
717 3812 758 3876 01,
771 3813 794 3861 0.
813 3813 914 3861 Nuntio

300 3901 380 3950 allato
404 3899 531 3948 Claudius
553 3912 614 3946 cum
638 3897 784 3946 amicorum
808 3898 914 3946 cohorte

300 3990 327 4034 et
350 3990 423 4047 parte
447 3983 594 4033 cohortium
613 3983 805 4044 praetoriarum
823 3980 867 4039 (cl.
886 3980 912 4029 0.

300 4071 319 4118 l.
338 4070 364 4118 L.
382 4067 485 4118 111305
504 4084 534 4111 =
553 4068 624 4117 Dess.
643 4082 668 4116 n.
681 4065 760 4116 sola:
780 4067 816 4115 M.
830 4067 914 4116 Vettio

300 4154 335 4203 M.
361 4154 380 4215 f.
408 4153 470 4204 Ani.
501 4152 606 4202 Valenti
629 4153 688 4201 mil.
712 4152 768 4200 coll.
791 4150 857 4199 Vlll
871 4165 913 4213 pr.
944 4139 949 4144 ’

302 4239 386 4300 benef.
417 4238 508 4300 praef.
538 4253 581 4299 pr.
613 4236 692 4286 donis
724 4236 823 4285 donato
850 4236 914 4284 bello

299 4323 407 4372 Britan.
435 4322 574 4385 torquibus
592 4321 712 4370 armillis
728 4320 852 4382 phaleris
870 4317 913 4382 -)

301 4407 388 4456 Tiberi
410 4406 512 4456 Ostiam
536 4408 660 4455 derectus
683 4410 736 4466 est,
761 4419 825 4454 cura
842 4404 914 4453 urbis

302 4493 427 4541 mandata
450 4493 477 4541 L.
496 4492 614 4554 Vitellio,
638 4493 685 4554 qui
703 4506 788 4554 nuper
805 4492 832 4539 in
851 4506 913 4539 con-

301 4579 391 4626 sulatu
410 4577 513 4626 Claudii
530 4579 630 4640 collega
647 4577 742 4625 fuerat.

333 4663 484 4712 uehementi
510 4665 598 4712 circio.
634 4663 666 4710 de
701 4661 750 4708 hoc
776 4665 855 4708 vento
880 4660 913 4708 cf.

300 4745 458 4795 Suetonium
483 4750 616 4794 servatum
640 4746 710 4807 apud
734 4745 864 4794 Isidorum
882 4745 913 4792 de

301 4834 396 4878 natura
431 4843 521 4877 rerum
553 4828 597 4892 37,
633 4829 649 4876 5
681 4828 715 4892 (p.
743 4827 792 4878 305
818 4827 913 4889 noun:

969 2388 1021 2435 quo
1045 2389 1079 2423 ear
1103 2389 1217 2424 nurnero
1234 2384 1298 2426 sunl
1315 2403 1348 2411 —
1366 2379 1396 2426 in
1415 2377 1505 2426 Gallia
1525 2378 1585 2427 Cir-

968 2459 1033 2506 cius.
1052 2459 1118 2507 Plin.
1138 2459 1168 2508 H.
1186 2459 1218 2509 N.
1236 2459 1264 2523 0,
1283 2460 1409 2524 17,100;
1429 2469 1493 2512 sunt
1509 2466 1586 2512 enim

966 2544 1118 2604 peculiares
1153 2545 1306 2608 quibusque
1339 2548 1464 2608 gentibus
1498 2549 1585 2609 venti,

968 2641 1023 2676 non
1048 2628 1123 2676 ultra
1148 2635 1252 2678 certum
1277 2632 1485 2693 procedentibus
1512 2639 1584 2682 trac-

969 2718 1028 2760 tum
1048 2713 1164 2762 -item
1191 2714 1220 2762 in
1246 2715 1417 2765 Narbonensi
1442 2719 1586 2778 provincia

968 2797 1137 2845 clarissimus
1170 2805 1311 2848 ventorum
1342 2807 1382 2849 est
1413 2802 1512 2850 circius
1536 2817 1587 2852 nec

968 2883 1023 2930 ullo
1034 2883 1163 2931 elebantia
1174 2882 1293 2943 inferior
1306 2882 1411 2933 Ostiam
1420 2885 1586 2948 plerumque

968 2973 1041 3016 recta
1072 2967 1209 3029 Liqustico
1236 2970 1309 3016 ursarii
1332 2969 1485 3030 perferens.
1510 2970 1586 3019 idem

968 3065 1023 3101 non
1053 3051 1133 3100 niodo
1165 3053 1195 3101 in
1225 3053 1340 3114 reliquis
1364 3054 1492 3115 partibus
1517 3055 1585 3104 caeli

968 3137 1078 3197 iqnotus
1103 3142 1154 3198 est,
1181 3137 1228 3185 sed
1253 3151 1287 3185 ne
1315 3136 1449 3187 Viennam
1472 3139 1584 3200 quidem

969 3220 1089 3270 eiusdem
1122 3222 1282 3282 prouinciae
1314 3222 1411 3271 urbem
1445 3224 1585 3285 attinqens

966 3307 1063 3367 praalais
1075 3313 1139 3355 ante
1150 3306 1273 3354 millibus
1286 3307 1343 3367 iuqi
1354 3307 1455 3354 nrodici
1464 3320 1584 3370 occursu,

970 3396 1061 3438 tantus
1093 3391 1139 3439 ille
1163 3397 1258 3439 uentus
1284 3396 1425 3439 coercetur.
1456 3388 1584 3440 Senecam

970 3474 1076 3532 Quaest.
1098 3474 1157 3524 Nat.
1177 3475 1197 3523 V
1215 3474 1261 3536 17,
1285 3475 1314 3523 5:
1343 3475 1460 3532 (laridum
1488 3472 1585 3536 (uenti)

969 3566 1033 3608 sunt
1058 3561 1233 3622 quorundam
1261 3561 1379 3608 locorum
1403 3562 1512 3622 proprii
1535 3563 1584 3624 qui

969 3659 1024 3693 non
1059 3646 1251 3693 transmittunt
1283 3645 1329 3692 sed
1361 3646 1392 3693 in
1422 3646 1585 3705 proximum

970 3729 1071 3791 ferunt.
1094 3755 1127 3762 -
1150 3728 1265 3789 infestat
1280 3754 1313 3761 —
1332 3727 1453 3777 Galliam
1472 3731 1586 3793 circius,

969 3816 1012 3862 cui
1045 3813 1171 3876 aedificia
1196 3814 1338 3875 quassanti
1365 3819 1457 3863 tamen
1481 3816 1587 3865 incolae

969 3899 1073 3961 qratias
1105 3905 1193 3960 aquut
1225 3904 1368 3959 tamquam
1394 3899 1585 3948 salubritatem

968 3984 1035 4032 caeli.
1052 3985 1095 4032 sut
1114 3984 1226 4032 debeant
1243 3984 1275 4032 ei.
1294 3983 1377 4030 Diuus
1395 3983 1584 4047 certeAuqus-

970 4074 1011 4116 tus
1029 4069 1162 4128 templum
1179 4069 1234 4130 illi,
1253 4081 1315 4116 cum
1332 4068 1363 4116 r'n
1382 4066 1473 4117 Gallia
1490 4083 1584 4117 mora-

968 4158 1045 4201 retur
1062 4159 1087 4201 et
1103 4154 1173 4201 vovit
1190 4159 1216 4201 et
1233 4153 1304 4214 fecit.
1332 4150 1447 4201 Gellium
1465 4153 1489 4200 11
1507 4152 1540 4201 00
1558 4159 1585 4202 et

968 4238 1032 4286 alios
1064 4239 1134 4286 locos
1160 4253 1227 4300 quos
1253 4238 1384 4300 congessit
1410 4237 1517 4299 Kaibel,
1543 4239 1585 4288 die

967 4322 1078 4371 antiken
1103 4322 1260 4372 Windrosen
1286 4322 1395 4370 Hermes
1418 4321 1466 4369 XX
1485 4337 1507 4383 p.
1527 4320 1584 4371 595.

967 4406 1024 4456 600,
1043 4405 1093 4455 606
1111 4422 1168 4470 sqq.

1001 4492 1076 4540 Falso
1103 4496 1193 4539 tamen
1217 4498 1338 4541 auctores
1363 4492 1449 4540 Latini
1473 4497 1584 4554 putave-

968 4583 1032 4624 runt
1050 4577 1122 4624 hunc
1135 4581 1245 4624 ventum
1260 4581 1367 4626 tantum
1380 4577 1407 4624 in
1419 4577 1465 4625 illa
1477 4577 1584 4640 regione

969 4659 1031 4708 ilare
1059 4656 1168 4719 (rectius
1194 4658 1299 4709 Strabo.
1315 4660 1350 4709 lX
1377 4677 1400 4723 p.
1424 4659 1486 4709 391:
1513 4656 1541 4709 ἐν
1558 4657 1582 4709 δ’

965 4740 1059 4806 Ἰταλίᾳ
1083 4740 1129 4792 καί
1147 4740 1256 4807 Σικελίᾳ
1273 4740 1387 4808 Κίρκιας
1405 4739 1448 4793 διὰ
1466 4741 1494 4793 τὸ
1511 4750 1584 4793 πνεῖν

969 4823 1020 4876 ἀπὸ
1045 4831 1090 4876 τοῦ
1115 4825 1274 4891 Κιρκαίου),
1300 4844 1362 4878 nam
1386 4830 1413 4878 in
1436 4834 1493 4879 tota
1515 4831 1583 4879 occi-
