3322 5512
920 334 976 399 166

92 515 130 596 O.
158 521 213 595 38.
310 519 424 616 beret,
457 531 599 621 repente
632 532 765 598 tantum
794 546 861 599 non
888 523 1159 601 satisfacientis
1185 524 1286 603 modo
1317 525 1455 602 veniam
1481 525 1588 604 dedit.

305 648 486 738 Quosdam
523 649 557 721 in
596 650 736 745 publico
774 674 897 746 parum
935 652 1142 748 tempestive
1180 653 1343 727 adeuntis
1380 633 1487 728 manu
1520 679 1589 729 sua

303 774 463 869 reppulit.
488 775 578 847 Item
603 773 753 847 scribam
779 775 1033 870 quaestorium,
1058 777 1211 873 itemque
1238 792 1404 875 praetura
1428 783 1587 853 functum

303 908 499 972 senatorem
532 899 707 973 inauditos
741 909 775 972 et
799 899 959 974 innoxios
985 902 1173 997 relegavit,
1209 902 1302 999 quod
1327 903 1387 977 ille
1413 903 1587 978 adversus

303 1024 477 1119 privatum
503 1048 543 1098 se
568 1023 854 1120 intemperantius
871 1025 1047 1120 affuisset,
1072 1026 1128 1102 hic
1146 1028 1181 1100 iu
1200 1028 1378 1103 aedilitate
1396 1029 1585 1125 inquilinos

302 1149 522 1244 praediorum
548 1173 707 1242 suorum,
733 1159 853 1224 contra
879 1150 1022 1224 vet'tum
1048 1162 1145 1226 cocta
1163 1153 1385 1247 vendentes,
1400 1156 1586 1229 multasset

302 1273 512 1369 uilicumque
549 1273 836 1348 intervenientem
873 1274 1099 1370 flagellasset.
1139 1277 1219 1366 Qua
1256 1277 1299 1351 de
1337 1301 1446 1352 causa
1480 1279 1584 1353 etiam

302 1398 541 1473 coercitionem
566 1399 771 1494 popinarum
798 1398 971 1472 aedilibus
998 1400 1136 1474 ademit.

323 1524 404 1597 ·Ac
436 1547 480 1596 ne
514 1524 692 1598 stultitiam
720 1523 859 1620 quidem
886 1547 987 1597 suam
1012 1526 1165 1619 reticuit,
1202 1528 1472 1624 simulatamque
1497 1553 1520 1602 a
1545 1553 1584 1603 se

333 1717 517 1766 consolaberet.
541 1717 591 1764 lroc
613 1715 679 1763 mihi
695 1715 766 1763 idem
784 1719 825 1763 est
842 1716 913 1779 quod
967 1717 1036 1765 tium
1053 1717 1180 1766 aedilium
1195 1719 1317 1769 coercitio
1332 1721 1534 1784 continebatur,
1550 1723 1582 1773 01.

300 1803 440 1865 scriberet,
460 1815 542 1865 quare
560 1800 656 1849 Rothio
674 1814 727 1849 non
743 1801 872 1849 assentior
886 1801 912 1849 id

300 1888 443 1952 legendum
467 1887 593 1936 censenti.
617 1886 760 1935 Suetonius
778 1886 864 1948 enirn,
883 1891 913 1934 ut

299 1977 370 2022 recte
402 1972 506 2021 Ernesti
536 1976 564 2020 et
589 1970 913 2034 Baumgarten-Crusius

300 2058 547 2107 animadverterunt
563 2055 649 2104 verbis
666 2070 727 2105 cum
742 2070 792 2105 con
806 2070 912 2118 compo-

299 2144 356 2192 sitis
382 2143 422 2191 uti
447 2146 532 2203 amat,
559 2140 635 2190 cuius
662 2140 699 2188 rei
725 2141 846 2203 exempla
869 2140 912 2190 hic

287 2227 371 2276 :dedit
387 2227 415 2276 in
432 2226 518 2274 indice
535 2240 555 2274 s.
573 2241 597 2273 v.
615 2231 780 2289 matertere,
798 2225 911 2274 condor-

298 2313 376 2375 nu're,
386 2311 579 2375 conquiescere,
589 2310 727 2373 conqueri,
733 2310 910 2360 wnoalutare.

299 2396 405 2459 Scripsit
424 2400 514 2444 autem
533 2396 597 2443 haec
610 2394 736 2443 claudius
754 2395 781 2443 in
799 2394 912 2456 epistula

299 2481 331 2530 ad
345 2480 479 2530 Ostienses
497 2481 591 2544 missa,
608 2495 661 2530 non
678 2480 706 2529 in
724 2480 797 2529 libris
815 2472 911 2530 devita

298 2581 360 2630 sue,
378 2572 409 2616 ut
426 2566 611 2629 Oudendorpio
629 2566 735 2628 placuit.

331 2652 465 2700 adeuntis.
488 2651 545 2699 sine
565 2665 593 2699 se
611 2653 642 2699 ut
659 2651 725 2713 Aug.
743 2648 789 2698 53:
807 2650 910 2700 adeun-

299 2737 368 2785 tium
385 2736 537 2795 deciderim
554 2734 609 2784 Tib.
629 2732 669 2783 10.
688 2734 743 2783 Gai.
761 2733 801 2784 22.

330 2836 416 2870 ncanu
433 2836 482 2870 sua
496 2821 625 2883 reppulit.
643 2820 745 2882 proprie
755 2820 805 2869 hoc
812 2819 911 2869 lictoris

297 2907 409 2969 proximi
426 2907 527 2957 fuisset.

330 2992 451 3041 scribant
468 2991 661 3054 quaestorium.
677 2989 750 3046 inter
763 2989 860 3038 scribas
877 2989 910 3037 li-

295 3077 395 3126 brarios
420 3091 482 3125 cum
504 3075 596 3124 scribis
619 3075 746 3124 aediliciis
773 3089 909 3123 summum

296 3164 384 3211 locum
408 3162 536 3210 tenebant
553 3161 653 3210 scribae
673 3160 817 3225 quaestorii
834 3174 909 3222 prae-

296 3247 387 3296 sertim
411 3248 442 3296 ad
466 3247 599 3295 ceramum
623 3245 750 3308 adhibiti,
773 3258 855 3307 quam
876 3244 909 3293 ob

296 3347 403 3381 causam
413 3332 493 3380 etiam
503 3331 604 3380 scribae
613 3330 756 3394 quaestorii
766 3329 798 3378 ab
808 3329 909 3377 aerario

296 3419 476 3480 appellantur,
494 3417 526 3465 01.
544 3414 600 3464 (1.1.
612 3415 639 3463 L.
657 3414 691 3463 VI
707 3412 779 3462 1816.
798 3411 864 3462 talo
878 3429 908 3455 =

296 3502 366 3550 Dess.
385 3517 410 3550 n.
428 3499 502 3550 1895.
520 3498 594 3549 1896.
612 3496 737 3548 1113871.
756 3497 816 3561 Egit
833 3496 908 3545 deiis

295 3587 443 3635 Mommsen
460 3585 521 3636 stu.
540 3582 564 3633 13
580 3582 630 3632 316
647 3598 704 3647 sqq.
715 3599 745 3625 =
755 3579 835 3630 13331
850 3596 907 3645 sqq.

328 3672 457 3720 aduersus
496 3686 523 3720 se
561 3669 693 3732 affuisset.
728 3683 762 3716 sc.
796 3667 907 3716 aerario.

294 3754 475 3804 Mommscnus
492 3752 564 3817 (StR.
582 3751 606 3802 13
623 3751 673 3801 352
691 3753 712 3800 A
729 3752 746 3800 5
762 3767 791 3794 =
806 3749 828 3799 1²
845 3748 907 3812 337)

237 3838 240 3843 ’
294 3845 365 3890 recte
390 3841 416 3888 id
439 3840 540 3888 factum
558 3853 614 3886 esso
632 3842 722 3900 putat,
747 3852 809 3886 cum
827 3834 907 3885 Clau-

294 3925 353 3972 dius
377 3924 476 3972 aerario
494 3937 547 3971 non
565 3922 739 3985 praestitisset
759 3935 828 3984 quae
847 3935 906 3983 pro-

294 4009 410 4057 misisset
426 4007 469 4069 (cs.
487 4023 508 4056 c.
526 4005 562 4068 o).

327 4094 474 4142 aedilitate.
497 4092 530 4141 cf.
555 4091 627 4141 Suet.
651 4089 706 4138 Tib.
731 4087 777 4137 34:
802 4091 907 4138 censuit

294 4192 434 4228 annonam
456 4177 563 4226 macelli
580 4181 688 4226 senatus
706 4175 822 4223 arbitrio
839 4189 906 4237 quo-

294 4264 386 4312 tannis
426 4263 636 4325 temperandum
673 4261 736 4309 dato
772 4260 906 4309 aedilibus

293 4349 400 4410 nepotio
429 4349 547 4411 popinas
577 4360 732 4409 qaneasque
762 4360 848 4407 usque
876 4359 905 4394 eo

294 4433 452 4495 inhibendi,
469 4439 501 4480 ut
516 4447 550 4480 ue
567 4445 649 4493 opera
664 4430 776 4491 quidem
788 4429 905 4491 pistoria

292 4517 409 4576 proponi
423 4518 530 4565 uenalia
541 4517 669 4584 sinerent.
687 4514 834 4562 Mommsen
844 4513 904 4562 stu.

293 4596 329 4646 113
347 4598 517 4648 500A2=
537 4598 646 4649 1131811.

326 4685 476 4745 inquilinos
507 4686 692 4747 praediorunt.
722 4683 830 4746 praedia
855 4683 905 4732 sita

292 4773 369 4816 crant
387 4773 434 4816 aut
450 4769 477 4817 in
492 4769 548 4831 ipsa
563 4770 627 4819 urbe
637 4776 685 4819 aut
694 4770 801 4832 propius
811 4769 904 4818 urbem

293 4853 404 4902 Romam
431 4868 524 4916 passus
544 4855 631 4916 mille,
657 4855 728 4903 intra
750 4855 820 4918 quod
844 4869 904 4917 spa-

967 1800 1114 1850 Mommsen
1130 1801 1191 1851 stu.
1210 1800 1234 1850 13
1251 1801 1283 1852 68
1302 1805 1324 1852 Α
1341 1804 1357 1854 2
1376 1821 1406 1848 =
1426 1803 1449 1853 1²
1466 1805 1507 1855 66.

999 1886 1168 1936 multassent.
1200 1887 1232 1936 de
1265 1890 1358 1938 multis
1389 1889 1422 1938 ab
1452 1891 1582 1940 aedilibus

966 1970 1088 2033 irrogatis
1113 1973 1149 2021 cf..
1171 1972 1320 2022 Mommsen
1338 1973 1399 2024 StR.
1421 1973 1458 2023 11³
1475 1973 1526 2025 513
1544 1991 1580 2040 sq.

968 2053 1174 2120 :mmm

999 2145 1072 2188 cocta
1101 2141 1253 2191 uendentes.
1283 2158 1299 2192 a
1324 2143 1427 2194 'liberio
1459 2147 1580 2196 coercitio

966 2223 1122 2286 popinarum
1140 2225 1270 2276 aedilibus
1287 2227 1350 2277 dota
1367 2229 1408 2277 vel
1423 2234 1503 2279 aucta
1517 2236 1581 2295 erat,

965 2308 998 2357 01.
1015 2309 1070 2358 Tib.
1088 2307 1128 2358 31.
1146 2309 1183 2358 Ea
1194 2314 1285 2359 tamen
1298 2326 1367 2374 quae
1375 2312 1496 2362 Tiberius
1504 2315 1581 2364 insti-

965 2393 1062 2456 tuerit,
1080 2408 1133 2442 non
1151 2395 1197 2443 diu
1212 2395 1350 2445 observata
1364 2402 1580 2448 esseetenostro

966 2480 1021 2527 loco
1035 2483 1062 2527 et
1070 2478 1132 2527 inde
1142 2479 1289 2544 colligitur,
1306 2481 1378 2544 quod
1387 2482 1442 2545 ipse
1452 2481 1580 2534 Claudius

965 2577 988 2612 a.
1007 2560 1096 2626 791111
1121 2564 1255 2613 luxuriam
1279 2566 1430 2630 popinalem
1448 2568 1578 2631 cohibuit,

964 2647 997 2696 01.
1016 2647 1063 2696 1110
1079 2646 1126 2711 aa,
1144 2646 1174 2713 6,
1192 2647 1221 2698 7:
1248 2644 1278 2697 τά
1304 2666 1330 2697 τε
1356 2646 1488 2714 καπηλεῖα
1513 2647 1540 2706 ἐς
1563 2648 1578 2700 ἃ

965 2729 1095 2786 συνιόντες
1117 2727 1220 2792 ἔπινον,
1253 2730 1392 2798 κατέλυσε,
1423 2731 1471 2784 καὶ
1496 2751 1578 2799 προσ-

964 2813 1038 2876 έταξε
1067 2813 1134 2882 μήτε
1166 2815 1247 2881 κρέας
1278 2813 1380 2881 ἑφθόν,
1407 2813 1476 2882 μήθ’
1503 2816 1578 2883 ὕδωρ

963 2898 1066 2966 θερμόν
1082 2898 1279 2966 πιπράσκεσθαι
1297 2900 1346 2951 καί
1357 2919 1428 2958 τινας
1442 2899 1485 2952 ε’πὶ
1494 2901 1578 2968 τούτῳ

963 2982 1000 3052 μὴ
1018 2982 1248 3051 πειθαρχήσαντας
1266 2983 1385 3036 ἐκόλασε.
1415 2987 1490 3046 Quod
1509 2990 1578 3039 edic-

963 3077 1023 3122 tum
1040 3077 1068 3121 et
1083 3072 1173 3135 ipsum
1191 3086 1245 3120 non
1262 3072 1307 3120 diu
1325 3072 1441 3121 valuisse
1459 3076 1534 3136 patet
1547 3088 1577 3122 ex

963 3156 1036 3206 Suet.
1054 3156 1115 3206 Ner.
1133 3155 1173 3206 16.
1191 3157 1238 3206 1110
1256 3155 1302 3220 61,
1319 3154 1360 3206 11.

996 3240 1122 3291 Ceterum
1154 3236 1220 3293 hdec
1251 3241 1347 3290 docent
1370 3255 1423 3290 non
1446 3241 1480 3290 ab
1506 3242 1578 3292 omni

963 3330 1037 3389 parte
1063 3341 1123 3375 vera
1145 3341 1202 3376 esse
1227 3340 1296 3390 quae
1320 3326 1367 3374 Dio
1386 3326 1468 3375 tradit
1484 3324 1532 3391 60,
1549 3325 1577 3390 3,

963 3410 992 3460 7:
1019 3407 1079 3466 τούς
1104 3428 1133 3475 γε
1157 3407 1212 3474 μὴν
1237 3405 1414 3475 ἀδικήσαντάς
1441 3426 1464 3457 τι
1490 3405 1507 3474 ἢ
1532 3406 1577 3459 καὶ

961 3491 1210 3559 προπηλακίσαντας
1247 3490 1327 3544 αὐτὸν
1347 3481 1472 3558 1ἰδιώτην
1501 3491 1578 3554 ὄντα,

962 3577 1063 3643 (πολλοὶ
1089 3575 1118 3629 δὲ
1143 3584 1223 3629 ταῦτα
1247 3576 1334 3634 ἄλλως
1357 3596 1384 3627 τε
1407 3575 1445 3633 ὡς
1462 3575 1577 3643 μηδενός

961 3661 1039 3730 λόγου
1057 3662 1147 3724 ἄξιον,
1170 3661 1216 3714 καὶ
1234 3662 1262 3712 οἱ
1275 3659 1324 3727 μὲν
1341 3669 1379 3726 τῷ
1401 3661 1530 3728 Τιβερίῳ,
1552 3663 1580 3713 οἱ

961 3745 991 3798 δὲ
1015 3755 1053 3813 τῷ
1079 3745 1153 3812 Γαΐῳ
1178 3746 1347 3813 χαριζόμενοι
1373 3744 1577 3813 ἐπεποιήκεσαν)

960 3831 1067 3898 πλαστῷ
1090 3830 1139 3898 μὲν
1161 3830 1304 3899 ἐγκλήματι
1326 3829 1414 3882 οὐδενὶ
1430 3831 1536 3898 μετῄει,
1554 3831 1580 3883 εἰ

949 3916 1048 3982 ’μέντοι
1072 3936 1095 3967 τι
1118 3916 1182 3969 ἄλλο
1207 3923 1423 3983 κακουργοῦντας
1449 3915 1578 3983 ηὕρισκε,

961 4001 1008 4054 καὶ
1025 4001 1057 4053 δι’
1077 4001 1164 4052 ε’κεῖνα
1182 3999 1343 4067 ἐτιμωρεῖτο.

993 4090 1127 4138 aedilibus
1153 4089 1264 4138 ademit.
1291 4089 1340 4138 hoc
1366 4090 1423 4138 sine
1447 4089 1527 4138 dubio
1552 4104 1577 4140 a.

961 4173 1050 4238 791111
1078 4175 1178 4224 factum
1205 4180 1259 4237 cst,
1284 4189 1337 4238 quo
1362 4189 1431 4223 anno
1450 4174 1497 4222 Dio
1517 4173 1577 4238 (ao,

960 4259 990 4324 3,
1009 4259 1035 4322 7)
1051 4258 1192 4308 Claudium
1202 4259 1575 4322 luxuriampopinalemcoer-

959 4345 1045 4395 cuisse
1062 4344 1149 4393 trudit.
1168 4343 1265 4392 Utrum
1283 4348 1374 4392 autem
1385 4343 1576 4393 coercitionem

959 4429 1089 4478 aedilibus
1111 4428 1262 4489 ademptam
1284 4429 1450 4491 praetoribus
1464 4429 1577 4493 dederit,

960 4529 993 4562 an
1018 4514 1151 4576 praesecto
1170 4512 1241 4576 urbi,
1265 4513 1341 4562 cuius
1359 4513 1467 4561 hocius
1484 4517 1577 4575 postea

960 4599 1041 4647 fuisse
1059 4600 1157 4647 scimus
1175 4595 1243 4661 (Dig.
1261 4597 1292 4660 1,
1309 4595 1356 4660 la,
1373 4595 1415 4660 1),
1433 4597 1575 4646 incertum.

960 4683 1128 4732 Praetoribus
1150 4683 1204 4732 iam
1228 4688 1307 4731 antea
1329 4682 1460 4732 aedilibus
1482 4681 1575 4731 defici-

959 4768 1064 4818 entibus
1103 4768 1209 4830 saepius
1240 4768 1448 4817 iurisdictionem
1480 4782 1574 4816 eorum

959 4834 1049 4904 datam
1072 4867 1129 4901 esse
1152 4858 1270 4917 constat,
1294 4853 1326 4902 cf.
1351 4850 1464 4915 1110111,
1490 4850 1521 4900 16
1538 4849 1573 4913 (a.
