3322 5512
842 221 898 280 158

226 418 381 504 tempore
413 407 554 481 foedum
587 407 621 480 in
656 403 797 482 modum
825 407 982 504 trepidus
1007 407 1052 481 ad
1077 410 1195 482 castra
1221 407 1395 503 confugit,
1420 406 1506 481 nihil
1539 401 1541 404 ⁴

226 542 300 607 tota
326 533 384 606 via
408 556 513 628 quarn
540 543 678 607 essetne
703 533 768 606 sibi
795 534 933 606 salvum
959 534 1142 630 imperium
1167 533 1357 629 requirens.

275 658 467 733 XXXVII.
519 657 627 731 Nulla
651 657 739 732 adeo
765 658 931 754 suspicio,
957 659 1076 731 nullus
1101 667 1223 733 auctor
1248 667 1322 732 tam
1339 658 1430 732 levis
1448 681 1508 731 ex-

227 782 330 875 stitit,
355 807 378 855 a
403 805 471 878 quo
498 805 565 855 non
591 782 754 856 mediocri
781 783 945 878 scrupulo
970 783 1095 857 iniecto
1121 783 1167 856 ad
1192 783 1389 857 cavendum
1407 783 1510 856 ulcis-

226 907 444 1003 cendumque
486 909 758 1004 compelleretur.
800 909 900 984 Unus
937 932 981 982 ex
1019 909 1253 1004 litigatoribus
1291 908 1436 982 seducto
1473 907 1508 980 in

226 1033 435 1107 salutatione
470 1032 673 1125 affirmavit,
710 1033 841 1107 vidisse
878 1056 917 1107 se
954 1057 1017 1129 per
1051 1033 1203 1129 quietem
1237 1033 1346 1107 occidi
1381 1056 1510 1107 euma

226 1157 394 1252 quodam3
421 1157 500 1231 dein
526 1159 631 1253 paulo
656 1168 752 1253 post,
777 1158 877 1253 quasi
901 1180 1142 1254 percussorem
1160 1167 1384 1254 agnosceret,
1410 1159 1508 1231 libel-

226 1283 298 1355 lum
331 1282 526 1356 tradentem
559 1281 798 1356 adversarium
826 1306 928 1356 suum
953 1282 1222 1357 demonstravit:
1259 1283 1510 1378 confestimque

226 1408 257 1480 is
286 1431 348 1504 pro
374 1407 545 1504 deprenso
571 1407 618 1480 ad
642 1431 791 1505 poenam
816 1417 938 1504 raptus
964 1418 1026 1481 est.
1066 1407 1147 1480 Pari
1173 1407 1276 1483 modo
1301 1430 1508 1504 oppressum

225 1536 342 1606 fertmt
375 1531 529 1629 Appium
564 1532 739 1627 Silanum3
773 1555 877 1627 quem
911 1555 989 1604 eum
1024 1532 1217 1605 Messalina
1250 1542 1285 1606 et
1321 1533 1511 1606 Narcissus

227 1657 485 1753 conspirassent
509 1656 673 1752 perdere,
699 1656 823 1729 divisis
847 1657 1023 1754 partibus,
1050 1658 1140 1732 alter
1156 1667 1237 1732 ante
1254 1659 1368 1732 lucem
1386 1658 1510 1732 similis

226 1783 388 1876 attonito,
412 1782 548 1878 patroni
574 1781 771 1855 cubiculum
795 1782 938 1878 irrupit,
964 1783 1142 1856 affirmans
1168 1783 1363 1856 somniasse
1380 1806 1420 1857 se
1439 1783 1510 1857 vim

227 1906 258 1979 ei
292 1907 336 1979 ab
371 1905 486 2002 Appio
519 1906 670 2000 illatam3
712 1907 839 1998 altera,
873 1906 909 1978 in
944 1905 1208 1981 admirationem
1241 1910 1408 2000 formata,
1442 1907 1510 1981 sibi

227 2055 365 2128 quoque
390 2031 538 2105 eandem
563 2031 714 2128 speciem
739 2032 871 2127 aliquot
895 2031 965 2104 iam
982 2031 1142 2106 noctibus
1159 2032 1341 2106 obversari
1358 2033 1511 2128 rettulit,

266 2238 326 2297 Dio
350 2240 477 2313 60,14,
500 2242 515 2297 l
536 2265 577 2290 =
598 2239 671 2299 Zon.
693 2241 746 2299 XI
762 2243 781 2299 9
796 2261 829 2318 p.
852 2243 925 2300 463.
946 2239 1037 2304 ὁπότε
1049 2239 1111 2320 γαρ
1123 2239 1306 2305 οὶποκσεῑναί
1315 2263 1383 2304 τινα
1396 2237 1509 2316 ἐθελή-

227 2369 310 2410 σειαν
335 2341 386 2432 (οἵ
402 2370 436 2409 σε
461 2346 631 2426 Καισοὶρειοι
655 2347 707 2411 καὶ
731 2348 749 2421 ἡ
773 2348 977 2434 Messenen)
1003 2346 1172 2430 ε’ξεφδβονν
1189 2346 1296 2421 αὐτόν,
1321 2348 1383 2411 κοξκ
1399 2346 1508 2430 νούσου

227 2450 326 2517 πάνθ’
351 2449 406 2517 ὅσα
430 2453 592 2530 ἐβούλοντο
618 2460 709 2518 ποιεῖν
733 2454 946 2535 ἐπεπρὲπονπο.
1563 2444 1567 2451 ’

273 2561 371 2619 Victor
394 2561 474 2619 Caes.
496 2560 517 2619 I
518 2561 546 2618 V
562 2563 589 2619 9.
630 2560 767 2639 Namque
799 2562 973 2636 Claudium,
1004 2563 1048 2622 uti
1077 2581 1168 2639 supra
1196 2562 1369 2637 cosumus,
1402 2569 1510 2622 natura

227 2668 505 2746 performidolosum
532 2668 642 2728 iniecto
670 2674 752 2728 metu
780 2669 827 2728 sui
847 2669 1013 2745 agitabant,
1042 2669 1172 2729 maxime
1193 2669 1422 2746 coniurationis;
1451 2688 1511 2748 quo

227 2781 394 2836 commento
414 2775 514 2835 liberti
535 2775 642 2850 etiam,
663 2794 738 2854 quos
759 2776 886 2850 vellent,
908 2777 1060 2854 perditum
1080 2777 1172 2836 ibant.

267 2883 328 2942 Dio
352 2885 407 2958 60,
428 2884 480 2956 14,
503 2884 532 2940 3.
575 2887 679 2946 τοῦτον
704 2881 810 2970 (Γοέιον
835 2883 978 2947 ’Ἄππιον
1002 2881 1151 2971 Σιλανόν)
1174 2922 1219 2932 -
1242 2883 1391 2967 ἐξαίφνης
1408 2883 1509 2968 ἔσφα-

227 2995 296 3073 ξεν,
313 2985 356 3054 ὅτι
372 2997 410 3070 πῇ
426 3014 461 3053 τε
477 2989 656 3069 Messeniae
675 2989 884 3070 προσέκρουσεν
902 2992 954 3054 οὐκ
970 2988 1125 3064 ἐθελήσας
1138 2992 1216 3071 αὐτῇ
1231 2989 1511 3067 συγγενέσθαι,-

228 3095 279 3161 και
310 3097 351 3177 τῷ
382 3095 611 3178 Ναρκίσσῳ-
635 3097 671 3161 δι’
704 3096 826 3171 ἐκεῖνον.
858 3097 910 3160 καὶ
941 3099 973 3161 οὐ
1004 3096 1065 3177 γὰρ
1097 3091 1180 3177 εἶχον
1212 3099 1273 3161 οὐτ’
1298 3096 1418 3172 ἀληθὲς
1440 3099 1510 3164 οὔτε

228 3336 316 3390 μενον
348 3312 397 3376 τὸν
429 3312 579 3377 Κλαύδιον
610 3312 668 3378 ὑπὸ
700 3320 752 3378 τοῦ
783 3319 916 3378 Σιλανοῦ
948 3311 1125 3394 αὐτοχειρία
1158 3312 1241 3386 ἰδών,
1273 3311 1326 3376 καὶ
1359 3313 1452 3385 αὑτός
1475 3338 1509 3378 πε

227 3417 320 3491 εὐθὺς
350 3418 409 3483 ὑπὸ
437 3418 490 3492 τὴν
522 3415 558 3482 iu
591 3421 621 3483 ἕν
653 3429 690 3501 πῇ
720 3422 787 3501 εὐνῇ
817 3420 842 3484 οἱ
866 3419 908 3484 ἔπ’
933 3417 993 3484 ὄντι
1016 3419 1185 3499 ὑπότρομος
1208 3419 1394 3496 διηγήσατο,
1418 3420 1509 3496 καὶὴ

228 3532 413 3592 Μεσσαλῑνα
438 3527 669 3606 παραλαβοῦσα
693 3527 838 3592 ἕδείνοισε.

227 3713 252 3760 ei
284 3717 411 3761 senatum
444 3711 539 3760 babere
570 3711 733 3761 relationem
767 3710 841 3771 serre
929 3710 1058 3772 trepidus.
1077 3706 1289 3759 ci.Tac.l.l.33:
1311 3707 1511 3771 Trepidabatur

227 3797 366 3845 remittere
389 3801 498 3844 senatus
523 3797 644 3845 consulta
662 3810 714 3858 per
730 3796 840 3845 relatio·
894 3794 1076 3844 nihilomiuus
1099 3794 1135 3842 ad
1154 3792 1312 3842 Caesarem:
1337 3793 1440 3856 quippe
1458 3794 1511 3850 Ge-

227 3895 290 3929 nem
320 3881 564 3944 discessionemque
589 3880 678 3942 facere
701 3880 779 3929 liceat
800 3881 841 3928 ita
895 3885 949 3942 tae,
982 3879 1116 3941 praetorii
1148 3878 1300 3941 praesecto,
1336 3877 1411 3926 baud
1442 3879 1511 3928 satis

227 3968 270 4015 uti
293 3967 371 4015 licuit
393 3967 454 4014 dioc
476 3965 545 4027 Aup.
573 3964 609 4013 Ti.
633 3964 705 4013 Iulio
731 3963 840 4013 Caesari
894 3963 1028 4026 fidebant,
1046 3963 1442 4024 adbonestascupracaiuaeta
1451 3963 1511 4012 leui.

227 4051 297 4114 Arcq.
319 4051 357 4100 Ti.
376 4050 490 4101 Claudio
509 4050 619 4099 Caesari
635 4048 705 4112 Aup.
725 4047 840 4097 Germa·
927 4048 1181 4098 essetne-saluum
1204 4047 1362 4109 imperium.
1393 4047 1425 4096 ci.
1451 4047 1510 4098 Tae

227 4137 295 4186 nico.
895 4134 912 4182 l.
929 4135 947 4193 l.
964 4131 1010 4182 31:
1028 4133 1095 4181 satis
1112 4138 1216 4182 constat
1233 4146 1263 4182 eo
1274 4145 1374 4193 pavore
1387 4131 1511 4194 offusum

260 4235 383 4270 aurorem
392 4220 647 4284 [lucrantissimum.
660 4219 693 4268 cf.
702 4218 761 4267 Tac.
772 4218 840 4267 Ann.
897 4216 1050 4280 Claudium,
1065 4223 1096 4265 ut
1107 4217 1259 4265 identidem
1270 4217 1462 4279 interruperat,
1475 4233 1513 4267 an

228 4305 263 4354 Xl
289 4303 334 4354 28:
367 4310 524 4368 reputantes
551 4304 667 4353 hebetem
695 4301 842 4351 Glauciam
895 4303 954 4364 ipsc
970 4302 1082 4364 imperii
1097 4307 1206 4364 potens,
1227 4317 1265 4350 an
1281 4300 1366 4350 Silius
1381 4303 1509 4364 priuatus

228 4396 254 4439 ct
270 4390 352 4438 uxori
369 4389 532 4439 devinctum.
895 4393 971 4436 essct.

261 4475 371 4536 acquiri
397 4474 555 4536 imperium.
578 4473 610 4521 cl.
635 4472 682 4521 Dio
700 4470 741 4535 60,
758 4469 799 4535 31,
817 4471 840 4520 5.
929 4486 1087 4534 oppressum
1117 4470 1252 4520 Silanum.
1284 4485 1307 4520 a.
1338 4467 1443 4534 testea,
1478 4471 1511 4521 ci.

228 4558 286 4607 Tac.
313 4559 381 4607 Ann.
408 4558 444 4607 Xl
470 4557 516 4607 30:
540 4573 607 4608 nam
629 4558 842 4607 niatrimonium
897 4557 929 4604 ad
947 4572 969 4606 c.
988 4554 1029 4605 29.

228 4644 296 4692 vidit
310 4644 429 4705 populas
446 4648 472 4692 et
488 4643 567 4692 miles
573 4658 583 4703 ;
606 4657 638 4691 ac
654 4643 709 4692 nisi
725 4656 843 4704 propere
930 4640 1077 4690 Messalina
1098 4647 1124 4691 et
1139 4641 1283 4690 Narcissus
1300 4641 1509 4703 conspirassent.

228 4729 302 4793 apis,
320 4734 392 4777 tenet
408 4729 503 4778 urbem
520 4730 646 4778 utaritus.
896 4726 929 4776 cf.
956 4726 1004 4774 Dio
1029 4724 1075 4788 60,
1102 4724 1149 4789 ll,
1171 4723 1195 4775 3.
1221 4725 1281 4775 Tac.
1306 4725 1375 4775 Ann.
1401 4725 1437 4775 xl
1463 4723 1509 4775 29:
