3322 5512
911 332 967 390 136

200 573 206 589 .
298 537 372 590 sem
406 515 545 589 divortii
579 525 696 588 natam
732 514 848 610 alique
882 524 1057 611 coeptam,
1091 515 1216 612 exponi
1243 525 1360 590 tamen
1387 517 1433 590 ad
1458 518 1580 592 matris

296 641 436 714 ianuam
488 649 522 715 et
571 640 701 713 nudam
751 639 854 713 iussit
903 639 1002 713 abici.
1060 640 1248 714 Antoniam
1300 640 1363 715 Cn.
1415 641 1580 739 Pompeio

297 767 445 861 Magno,
480 764 605 839 deinde
639 764 774 838 Fausto
808 764 945 856 Sullae,
979 764 1204 837 nobilissimis
1237 765 1440 859 iuvenibus,
1476 767 1580 840 Octa-

336 945 396 1004 1111
418 948 472 1019 60,
497 949 531 1020 5,
555 947 571 1004 7
591 969 631 994 =
653 943 726 1003 Zon.
748 944 797 1003 XI
817 946 836 1002 9
851 962 884 1020 p.
906 946 972 1003 462
993 949 1031 1019 (a.
1056 944 1181 1023 7941411.
1224 946 1278 1017 τὴν
1312 945 1344 1008 δὲ
1370 942 1576 1031 (31111τὲ11)

298 1051 399 1122 ἐκδοὺς
423 1051 518 1131 Γναίῳ
543 1049 691 1130 Πομπηίῳ
716 1049 848 1129 Μάγνῳ.

334 1158 394 1218 Dio
416 1159 497 1235 apad
520 1159 593 1217 Zon.
615 1157 668 1216 XI
683 1160 721 1216 10
736 1177 768 1234 p.
789 1159 859 1217 467.
902 1154 1103 1233 γεννηθέντος
1146 1158 1178 1221 δὲ
1213 1196 1256 1206 -
1291 1157 1421 1234 ἐγγόνου
1456 1159 1491 1222 ἐκ
1526 1166 1580 1231 τῆς

294 1263 459 1336 Ἀντωνίας
481 1270 533 1337 τῆς
560 1261 733 1345 θυγατρός,
757 1255 790 1336 ἣν
816 1263 963 1344 Κορνηλίῳ
988 1264 1115 1344 Φαύστῳ
1140 1264 1251 1348 Σύλλᾳ
1275 1304 1320 1313 -
1343 1264 1426 1342 μετὰ
1450 1264 1501 1330 τὸν
1525 1271 1578 1330 τοῦ

296 1371 429 1448 Μάγνου
454 1368 594 1451 συνῴκισε
619 1369 766 1437 θάνατον.

340 1480 401 1538 Tac.
422 1480 502 1537 Ann.
524 1478 604 1538 XIII
625 1480 678 1537 23.
721 1478 877 1538 Cornelius
909 1477 993 1537 Sulla
1024 1513 1062 1521 -
1093 1477 1237 1538 affinitate
1269 1478 1403 1553 Claudii,
1443 1479 1492 1539 cui
1525 1498 1581 1556 per

296 1587 416 1664 nuptias
436 1586 583 1646 Antoniae
603 1604 696 1662 gener
716 1591 789 1645 erat.

296 1785 442 1848 reperiatur
468 1784 569 1847 nescio,
600 1789 670 1834 recte
696 1785 842 1833 formatum
870 1788 910 1833 est
963 1784 1001 1832 ita
1018 1785 1137 1847 legatur:
1161 1784 1279 1845 Magnas
1296 1783 1443 1845 Pompeias
1464 1783 1579 1832 Momm-

296 1861 384 1933 neque
402 1870 580 1918 necessarium
590 1869 681 1931 credo,
699 1875 800 1918 utcum
810 1870 908 1918 Boum-

296 1952 516 2016 garten-Grusio
534 1953 628 2004 Botrio
645 1956 766 2018 legamus
775 1955 816 2002 vel
826 1955 908 2003 Botro

297 2038 403 2098 (Botrus
426 2038 536 2101 quidam
562 2044 726 2088 memoratur
744 2038 771 2088 G.
790 2040 808 2088 l.
827 2039 855 2088 L.
873 2039 906 2087 Vl

296 2121 399 2184 141631.

332 2205 365 2271 [p.
373 2204 433 2268 1351
443 2213 507 2256 ante
515 2209 645 2269 qnintnrn
655 2222 777 2258 rncnrern
787 2209 907 2258 diuortii.

296 2293 328 2342 11.
335 2289 460 2340 Galbl'l:
470 2292 546 2340 intra
555 2297 661 2339 sentuno
671 2292 826 2353 adoptionis
835 2294 908 2342 diem

296 2378 355 2426 Tac.
373 2376 440 2425 nnn.
459 2375 532 2425 161;
553 2382 661 2426 sentam
676 2383 738 2439 post
755 2378 840 2427 cladis
859 2392 909 2426 an-

297 2477 377 2525 nam,
395 2461 440 2511 ubi
457 2463 593 2523 complura
607 2463 728 2525 exempla
742 2464 822 2512 huius
836 2465 909 2512 loen-

296 2547 375 2596 tionis
392 2552 582 2610 congesserunt
599 2548 772 2610 Nipp-Andr.

329 2633 421 2695 alique
443 2639 571 2694 coeptant.
595 2633 727 2682 Infantem
751 2634 835 2697 igitur
852 2648 910 2682 sus-

297 2722 401 2779 ceperat
418 2721 445 2766 11
461 2732 508 2779 pro
527 2731 574 2766 suo
593 2723 744 2780 agnoverat.

330 2800 487 2850 Antoniam.
516 2801 578 2850 huic
604 2803 713 2863 plenum
739 2818 835 2852 nornen
860 2803 912 2851 tuit

299 2887 413 2936 Claudia
436 2885 570 2947 Antonia,
594 2885 725 2949 siquidem
749 2886 836 2936 liberti
854 2887 912 2935 eius

298 2970 401 3021 Claudii
419 2970 599 3032 appellantur,
617 2969 650 3018 11.
669 2968 697 3019 0.
716 2971 733 3019 l.
750 2971 777 3018 L.
794 2969 910 3018 719801.

297 3056 387 3106 14959.
411 3056 501 3107 15517.
526 3058 585 3121 Ipsa
611 3059 775 3105 memoratur
800 3053 828 3104 C.
848 3044 920 3104 11.

298 3141 356 3190 xlv
381 3140 461 3191 aral:
485 3168 517 3175 -
540 3141 677 3190 Antoniae
695 3139 766 3200 Ana.
784 3139 804 3200 f.
822 3165 855 3172 —
873 3138 911 3187 of.

299 3242 405 3291 qnoque
422 3227 521 3276 Eckhel
541 3228 568 3276 D.
588 3226 619 3275 N.
638 3222 746 3274 71146.

332 3312 401 3360 Nata
424 3316 481 3361 erat
504 3326 527 3360 a.
554 3309 645 3373 781119
669 3309 709 3357 vel
732 3313 825 3371 antea,
850 3324 911 3357 curn

299 3410 321 3444 a.
340 3391 427 3458 794141
449 3396 572 3458 Pompeio
589 3394 722 3457 nupserit,
740 3408 825 3456 eoque
843 3407 912 3440 anno

299 3479 436 3529 duodecim
463 3481 558 3528 saltem
585 3494 669 3527 annos
694 3482 758 3526 nata
782 3492 839 3526 esse
866 3476 912 3524 de-

299 3565 394 3614 buerit.
419 3566 440 3614 A
464 3565 568 3614 Nerone
590 3568 647 3627 post
665 3579 687 3612 a.
706 3561 800 3623 818165
819 3567 912 3611 necata

298 3655 351 3714 est,
370 3665 430 3699 cum
441 3649 547 3711 nuptias
558 3650 615 3697 eius
624 3648 778 3711 sprevisset,
796 3647 827 3696 cf.
838 3645 911 3695 Suet.

298 3734 359 3783 Ner.
376 3732 416 3783 35.
435 3734 520 3783 Schol.
538 3734 596 3782 Juv.
615 3730 747 3782 11111113.
766 3730 825 3780 Tac.
844 3731 912 3779 Ann.

299 3818 344 3867 llll
367 3817 419 3880 53).
445 3819 524 3867 Plura
547 3819 579 3866 de
597 3832 629 3866 ea
647 3817 705 3865 vide
725 3811 793 3879 apud
813 3815 912 3878 Pauly-

300 3903 428 3953 Wissowa
445 3903 596 3952 Real.-Enc.
617 3903 627 3950 1
646 3917 669 3964 p.
687 3899 761 3950 1641.

334 3986 380 4036 Cn.
406 3988 535 4050 Pompeio
561 3987 670 4049 Magna.
697 3986 740 4034 hic
767 3984 837 4033 filius
861 3985 913 4032 fuit

299 4074 332 4122 M.
359 4072 451 4122 Licinii
478 4071 564 4121 Crassi
589 4085 640 4120 cos
667 4084 690 4118 a.
709 4066 861 4130 7811117111.
880 4069 912 4117 ad

300 4174 320 4207 c.
344 4155 388 4218 17)
413 4161 440 4205 11
456 4155 607 4205 Scriboniae
625 4152 671 4202 Cn.
690 4153 806 4216 Pompeii
824 4152 913 4216 Magni

300 4241 446 4303 proneptis,
472 4241 504 4289 11.
530 4239 678 4288 Mommsen
702 4238 767 4300 Eph.
791 4237 876 4300 Epigr.
901 4238 912 4286 l

300 4341 322 4388 p.
332 4323 389 4373 147.
400 4323 481 4374 Gaius
490 4323 586 4373 Caesar
595 4324 618 4372 ei
628 4337 774 4386 cognomen
783 4322 912 4385 Magnum

300 4410 435 4458 ademerat
461 4408 546 4471 (Suet.
570 4408 626 4457 Gai.
652 4406 692 4456 35.
711 4408 758 4456 Dio
775 4407 822 4469 60,
840 4406 870 4470 5,
888 4406 911 4456 8.

299 4497 360 4546 Sen.
378 4497 482 4559 Apocol.
498 4494 545 4558 11,
563 4493 604 4557 1),
623 4499 704 4556 atque
722 4493 803 4540 etiarn
817 4506 913 4541 necare

299 4596 362 4630 eum
379 4579 407 4628 in
425 4580 513 4627 animo
532 4578 639 4640 habuit,
657 4591 705 4626 nec
723 4580 814 4624 tamen
827 4576 911 4624 inter-

299 4665 362 4714 iecit
380 4668 487 4727 propter
503 4667 623 4711 teneram
641 4666 765 4711 aetatem.
784 4660 913 4710 Claudius

300 4762 397 4797 nornen
428 4747 553 4808 reddidit3
587 4762 648 4796 curn
675 4751 767 4795 autem
793 4746 821 4795 in
848 4746 913 4796 actis

300 4832 330 4881 fr.
355 4831 415 4880 Arv,
439 4830 465 4880 G.
490 4831 508 4881 l.
532 4831 560 4880 L.
584 4829 702 4881 1111031
732 4846 829 4882 nomen
855 4831 912 4880 eius

963 1884 1025 1932 sen,
1064 1869 1138 1918 Rom.
1168 1869 1273 1918 Forsclr.
1304 1869 1315 1917 1
1343 1885 1366 1932 p.
1397 1867 1429 1916 37
1462 1868 1580 1931 suspica-

964 1958 1008 2002 tus
1044 1958 1084 2002 est
1118 1952 1260 2002 Claudium
1289 1953 1313 2002 ei
1345 1969 1391 2016 pro
1424 1953 1581 2016 cognomine

963 2052 980 2086 a
1011 2035 1076 2086 Gaio
1105 2038 1228 2100 adempto
1260 2052 1422 2100 praenomen
1452 2036 1580 2100 Magnum

965 2122 1081 2176 dedisse,
1100 2123 1142 2170 cui
1160 2128 1251 2171 tamen
1270 2121 1387 2185 opinioni
1396 2121 1514 2185 elogium
1524 2121 1581 2170 eius

963 2221 1016 2254 non
1054 2206 1132 2256 favet.
1166 2205 1221 2256 Sub
1252 2204 1362 2255 Claudio
1395 2205 1578 2268 vigintiviratu

964 2290 1124 2350 (accuratius
1151 2306 1203 2340 non
1230 2289 1368 2347 definitur)
1392 2291 1504 2339 iunctus
1527 2294 1580 2352 est,

965 2376 1167 2440 praefectusque
1194 2377 1253 2425 urbi
1280 2377 1332 2425 fuit
1357 2376 1484 2425 feriarum
1509 2375 1581 2424 Lati·

965 2475 1060 2510 narum
1079 2477 1172 2525 causa,
1197 2476 1350 2511 concessum
1369 2476 1476 2524 quoque
1494 2462 1532 2524 ei,
1552 2466 1582 2510 ut

964 2547 1084 2610 quinque
1108 2549 1185 2597 annis
1204 2548 1335 2597 maturius
1351 2561 1433 2610 quam
1447 2562 1493 2609 per
1510 2548 1582 2610 leges

964 2632 1055 2680 liceret
1073 2632 1246 2695 magistratus
1262 2636 1364 2694 peteret
1381 2630 1440 2691 (Dio
1449 2629 1535 2693 60,5‚
1545 2629 1580 2690 8).

966 2718 1057 2765 Frater
1066 2717 1168 2766 Arvalis
1183 2717 1235 2766 luit
1244 2714 1288 2779 (cf.
1299 2717 1326 2766 C.
1337 2717 1355 2765 l.
1366 2716 1394 2765 L.
1403 2715 1438 2764 Vl
1447 2714 1535 2778 1031).
1544 2715 1581 2764 Ex

964 2802 1048 2864 elogio
1066 2801 1123 2851 eius
1142 2802 1239 2850 Rornae
1258 2805 1362 2864 reperto
1382 2801 1449 2849 Bull.
1471 2800 1495 2848 d.
1515 2800 1579 2848 lust.

964 2883 1031 2934 1885
1046 2901 1069 2948 p.
1079 2885 1095 2934 9
1106 2901 1135 2928 =
1148 2886 1218 2935 [less
1228 2901 1254 2934 n.
1264 2884 1327 2934 955:
1348 2885 1395 2935 Cn.
1405 2882 1579 2947 Pontp[eins]

966 2970 1056 3019 Crassi
1075 2971 1095 3032 1.
1105 2968 1245 3032 1111111111
1256 2969 1341 3031 triba)
1351 2971 1470 3033 Mapnns
1478 2970 1581 3032 pontif.

965 3060 1066 3116 quaeat.
1098 3053 1127 3101 Ti
1160 3052 1257 3103 Claudi
1283 3054 1405 3104 Caesario
1423 3053 1494 3117 Aug.
1513 3054 1581 3103 Ger-

964 3141 1068 3188 manici
1092 3141 1176 3188 soceri
1200 3141 1243 3188 sni
1268 3140 1394 3189 discimus
1417 3155 1480 3188 eum
1498 3154 1581 3203 quae-

965 3230 1040 3274 stura
1065 3225 1189 3274 iunctum
1216 3239 1286 3287 esse,
1320 3241 1401 3289 quarn
1427 3241 1489 3275 curn
1512 3227 1581 3276 uice-

965 3310 1063 3358 simum
1084 3310 1194 3358 demum
1218 3324 1319 3358 annum
1337 3310 1473 3373 ingressus
1491 3325 1582 3374 gerere

966 3394 1094 3457 potuerit,
1118 3398 1144 3442 et
1168 3408 1229 3442 cum
1253 3393 1329 3442 initio
1347 3408 1369 3442 a.
1388 3392 1480 3457 800147
1499 3396 1580 3444 vela.

966 3476 1057 3540 799146
1086 3483 1209 3527 mortuus
1234 3478 1268 3526 sit
1294 3475 1337 3538 (11.
1358 3493 1381 3540 p.
1399 3476 1459 3538 146)
1478 3483 1574 3528 antea

966 3560 1206 3626 77911611111111
1228 3577 1334 3611 necesse
1353 3567 1400 3611 est.

999 3647 1099 3696 Fansto
1124 3646 1223 3696 Sullae.
1258 3648 1320 3696 huic
1347 3649 1456 3708 plenum
1484 3663 1581 3697 nornen

966 3732 1018 3780 mit
1042 3732 1157 3780 Fanstns
1180 3731 1321 3782 Cornelios
1339 3731 1415 3781 Snlla
1434 3732 1526 3796 Folia,
1553 3738 1583 3782 ut

966 3815 1061 3864 docent
1084 3815 1149 3864 Acta
1173 3816 1204 3864 fr.
1229 3816 1288 3864 Arv.
1314 3814 1352 3876 (C.
1372 3815 1391 3864 l.
1410 3815 1436 3864 L.
1455 3815 1582 3865 711637.

965 3898 1043 3961 1039)
1070 3904 1097 3948 11
1120 3900 1236 3962 diploma
1259 3898 1396 3948 Stabiense
1419 3898 1447 3961 (l.
1465 3900 1536 3948 infra
1554 3899 1582 3961 l.)

968 3985 1047 4033 Filius
1073 3991 1130 4033 erat
1156 3984 1246 4033 Fausti
1273 3983 1386 4033 Cornelii
1414 3983 1504 4032 Sullae
1531 3999 1583 4034 cos,

966 4069 1069 4118 sullectl
1087 4084 1109 4117 a.
1129 4067 1218 4132 784131
1238 4067 1276 4129 (G.
1297 4069 1314 4117 1,
1335 4068 1361 4116 L.
1381 4065 1580 4129 1113311111.

966 4152 1044 4216 Nol).
1068 4150 1120 4202 1²1
1141 4170 1164 4217 p.
1184 4153 1213 4204 71
1233 4151 1584 4218 (111111111171466),

966 4240 1025 4301 qui,
1053 4239 1074 4287 si
1101 4244 1171 4288 recte
1198 4239 1245 4288 Dio
1269 4236 1349 4302 (apud
1374 4238 1434 4287 Zon.
1453 4239 1488 4287 lll
1506 4238 1539 4288 lo
1558 4255 1582 4302 p.

965 4322 1027 4372 lor:
1057 4319 1169 4385 Φαύστῳ
1193 4318 1283 4385 Σύλλᾳ
1306 4318 1415 4386 ἀδελφῷ
1440 4326 1487 4386 τῆς
1506 4320 1582 4371 Μεσ-

966 4403 1071 4470 σαλίνης
1102 4405 1166 4468 ὄντι)
1199 4407 1302 4456 Sullam
1331 4414 1451 4457 nostrum
1471 4408 1582 4457 fratrem

966 4491 1123 4540 Messalinae
1141 4492 1223 4540 fnisse
1237 4492 1331 4555 tradit,
1351 4493 1494 4541 Domitiam
1505 4493 1582 4555 Lepi-

966 4577 1028 4624 dam
1047 4581 1158 4625 matrem
1178 4575 1335 4624 Messalinae
1354 4591 1464 4624 uxorem
1475 4576 1583 4625 duxerit

966 4675 1073 4709 necesse
1099 4665 1154 4722 est,
1178 4661 1209 4709 11.
1234 4660 1373 4709 Lehmann
1397 4662 1414 4708 l.
1439 4662 1454 4709 l.
1480 4676 1504 4722 p.
1523 4658 1581 4709 168.

967 4746 1042 4808 Μ111,
1065 4745 1116 4793 Zur
1138 4744 1296 4808 Genealogie
1320 4745 1374 4793 des.
1399 4732 1450 4794 Jnl.
1476 4745 1582 4794 Kaiser·

968 4831 1064 4879 hauses
1081 4846 1103 4893 p.
1122 4829 1163 4880 16,
