3322 5512
718 354 773 411 153

105 549 140 615 et
173 550 211 638 ut
241 540 356 614 statim
393 539 517 636 supino
551 561 593 611 ac
622 560 686 633 per
710 559 869 610 somnum
894 535 1002 609 hianti
1030 536 1137 632 pinna
1162 535 1195 608 in
1223 558 1262 608 os
1287 535 1383 608 inde·
1475 533 1514 608 O.
1541 539 1597 609 33.

104 677 200 740 retur
224 665 271 739 ad
296 665 558 739 exonerandum
586 663 810 738 stomachum.
837 661 956 737 Somni
981 660 1177 735 brevissimi
1197 670 1272 735 erat
1290 660 1384 759 (nam

104 799 185 864 ante
218 790 369 864 mediam
403 799 538 864 noctem
570 789 775 885 plerumque
801 787 1003 885 evigilabat)
1030 797 1068 861 ut
1092 797 1209 861 tamen
1234 786 1384 860 interdiu

104 939 363 1012 nonnumquam
398 916 433 988 in
458 915 534 989 iure
560 913 705 988 dicendo
731 913 1018 1006 obdormisceret,
1052 913 1182 1007 vixque
1206 913 1251 985 ab
1278 911 1384 985 advo-

104 1167 252 1240 feminas
277 1166 558 1263 profusissimae,
584 1189 718 1238 marum
742 1166 880 1239 omnino
898 1187 1033 1261 expers.
1059 1163 1186 1238 Aleam
1204 1163 1384 1237 studiosis-

105 1292 192 1366 sime
216 1291 317 1384 lusit,
352 1291 396 1365 de
421 1291 520 1365 curius
546 1300 621 1364 arte
647 1290 774 1364 librum
801 1313 938 1386 qnoque
964 1290 1095 1384 emisit3
1130 1289 1253 1364 solitus
1280 1289 1382 1363 etiam

104 1418 140 1490 in
173 1417 367 1512 gestatione
401 1416 542 1509 ludere,
576 1416 627 1490 ita
659 1415 785 1490 essedo
815 1417 988 1511 alveoque
1013 1415 1189 1512 adaptatis
1214 1438 1258 1488 ne
1283 1415 1384 1488 lusus

105 1542 383 1616 confunderetur.

152 1667 326 1743 XXXIV.
377 1668 529 1742 Saevum
564 1675 598 1741 et
634 1665 898 1761 sanguinarium
933 1674 1058 1739 natura
1081 1665 1208 1757 fuisse,
1245 1665 1384 1759 magnis

103 1793 325 1887 minimisque
359 1792 522 1889 apparuit
554 1794 672 1866 rebus.
698 1793 890 1865 Tormenta
914 1791 1157 1886 quaestionum
1183 1813 1383 1886 poenasque

133 1988 232 2048 pinna.
264 1986 296 2034 aa
323 1986 490 2035 stomachum
517 1986 716 2035 exonerandum

104 2075 162 2134 post
184 2072 277 2133 epulas
299 2074 347 2119 aut
369 2071 492 2120 vomitiuo
509 2071 654 2120 utebantur
669 2075 716 2120 aut

103 2157 198 2219 pinna,
221 2157 253 2206 cf.
271 2157 330 2207 Tac.
348 2157 396 2206 Xll
413 2156 459 2219 67;
479 2163 622 2220 tanlquam
639 2157 715 2206 nisus

103 2242 716 2304 evertentisadiuuaretpinnam-taacibus-

103 2327 243 2375 demisisse
264 2328 392 2376 creditur.
416 2325 522 2377 Snidas:
545 2325 673 2377 elwddccr
690 2327 718 2377 ol

103 2407 276 2473 δυσεμοῦντες
296 2406 385 2475 πτέρῳ
406 2409 524 2476 χρῆσθαι
541 2408 608 2475 πρὸς
625 2408 654 2461 τὸ
671 2409 715 2461 εὐ-

102 2498 190 2558 χερῶς
212 2491 310 2558 ε’μὲσαι.
335 2496 418 2561 Marq.
444 2497 493 2547 vit.
518 2496 599 2547 Priv.²
617 2514 640 2561 p.
658 2497 715 2548 330.

137 2583 260 2632 libidinis
276 2583 520 2645 profusisissimae.
539 2598 643 2647 semper
654 2586 715 2646 plu-

103 2682 144 2716 res
162 2667 275 2729 paelices
291 2682 383 2716 secum
401 2667 530 2732 habebat,
547 2671 579 2719 cf.
591 2669 651 2732 Dio,
669 2667 715 2732 10,

102 2751 143 2815 18,
160 2751 189 2801 3:
207 2747 301 2815 ἐκείνῳ
317 2748 464 2815 (Κλαυδίῳ)
480 2769 507 2800 τε
521 2748 570 2816 γὰρ
585 2749 715 2815 θεραπαι-

102 2833 171 2886 νίόιά
180 2854 235 2885 τινα
245 2832 515 2899 συμπαρακατέκλινε.
532 2839 590 2886 Tae
601 2838 668 2886 Ann.
678 2839 714 2887 Xl

102 2922 148 2972 29:
163 2925 232 2973 ἀναν
241 2924 355 2986 paelices
364 2960 370 2985 ,
379 2938 499 2985 picarum
508 2925 614 2985 corpori
622 2926 713 2973 araui-

102 3024 146 3058 me
163 3010 322 3058 insueverat.
341 3007 428 3057 Victor
445 3007 518 3057 Caes.
536 3008 569 3056 lV
587 3007 633 3057 ll:
651 3009 714 3057 ani-

103 3096 142 3142 mi
154 3109 186 3142 ac
195 3094 322 3156 pellicum
330 3093 421 3154 pratia
430 3119 462 3126 -
473 3093 577 3141 Ostiam
584 3092 714 3156 profecto.

135 3179 232 3228 Aleum
263 3179 460 3227 studiosissime
488 3178 560 3227 lusit.
592 3178 624 3228 cl.
651 3195 672 3227 c.
699 3177 715 3226 5

103 3265 178 3314 aleae
209 3264 365 3326 infamiam.
404 3264 458 3312 Hoc
489 3265 562 3312 aleae
594 3263 714 3312 studium

102 3349 189 3411 tangit
201 3348 300 3398 Seneca
316 3348 420 3411 Apoeol.
438 3347 484 3411 lt,
500 3348 530 3411 2,
548 3347 594 3397 30:
612 3347 714 3412 Vosque

102 3434 234 3496 inprimis
260 3431 369 3496 (lupata)
395 3435 443 3496 qui
465 3449 590 3483 concusso
613 3433 715 3496 Mapna

100 3520 221 3581 parastis
249 3519 325 3567 lucra
352 3518 458 3580 fritillo.
481 3517 528 3580 lt,
552 3518 580 3567 4:
604 3519 715 3568 Placuit

103 3619 201 3653 nouam
223 3618 341 3665 poenam
364 3600 501 3664 (Claudio)
524 3605 651 3653 constitui
667 3605 714 3653 de·

104 3689 177 3750 bere,
195 3688 404 3759 excapitandum
422 3688 463 3735 illi
475 3687 715 3738 laborcmirritam

770 1987 828 2037 Tac.
852 1986 920 2036 Anu.
944 1987 980 2035 XI
1004 1985 1050 2035 33:
1075 1988 1106 2037 in
1122 1988 1215 2036 eodem
1233 1986 1383 2048 pestamine

770 2073 860 2122 sedem
875 2073 962 2134 poscit
979 2069 1041 2133 (hoc
1057 2071 1282 2134 locopotiuscuru
1292 2070 1383 2133 Nipp-

770 2157 849 2206 Andr.
880 2156 913 2206 de
939 2172 1018 2206 curru
1045 2156 1216 2220 cogitandum
1243 2170 1324 2218 quam
1351 2154 1383 2203 de

770 2245 835 2292 sella
865 2242 1019 2306 gestatoria,
1053 2247 1083 2291 ut
1114 2246 1190 2303 putat
1221 2240 1304 2302 Marq.
1332 2240 1382 2289 Vit.

770 2325 841 2376 Priv2
867 2343 889 2390 p.
917 2325 964 2375 737
991 2327 1012 2375 Λ
1037 2325 1073 2387 9).
1104 2325 1215 2374 Martial.
1244 2325 1255 2373 l
1282 2323 1328 2387 17,
1354 2323 1382 2373 8;

770 2417 888 2473 pestatus
920 2411 1020 2474 biiapis
1050 2411 1170 2474 Repalus
1202 2418 1269 2460 esset
1298 2413 1383 2473 equis.

770 2497 804 2545 lV
821 2495 867 2559 61,
884 2494 930 2545 lo:
950 2497 1075 2547 Gestator
1090 2504 1166 2559 patet
1180 2498 1270 2547 esseda
1281 2503 1383 2546 tacente

768 2584 816 2633 Xll
835 2582 880 2646 57,
892 2581 938 2632 23:
957 2584 1089 2646 Intraque
1099 2585 1184 2633 limen
1193 2583 1282 2632 clusus
1292 2583 1382 2632 essedo

747 2737 749 2742 y
769 2685 877 2732 cursus,
895 2670 926 2718 cf.
943 2669 978 2718 IV
995 2669 1035 2719 52.
1054 2669 1172 2719 Gestatio
1190 2670 1289 2731 etipse
1307 2675 1382 2717 aetas

769 2755 866 2805 dieitur
879 2759 910 2803 ‘et
927 2756 1000 2804 locus
1019 2754 1064 2803 ubi
1081 2758 1215 2817 gestatur,
1234 2753 1381 2802 habebant-

769 2856 822 2904 que
851 2841 946 2889 divites
976 2840 1097 2889 homines
1119 2840 1218 2889 Romae
1241 2838 1310 2900 apud
1336 2839 1382 2886 do-

770 2941 844 2974 mum
868 2927 1043 2989 gestationem
1065 2925 1092 2972 in
1111 2924 1194 2973 hortis
1212 2923 1330 2986 privatis,
1349 2923 1382 2972 cf.

769 3009 796 3059 Ο.
820 3011 839 3058 l.
864 3011 890 3060 L.
915 3010 948 3058 Vl
966 3008 1049 3058 29775
1067 3014 1095 3058 et
1112 3023 1193 3072 quem
1211 3008 1246 3057 lbi
1265 3007 1381 3056 Huelsen

768 3096 874 3157 laudat,
898 3095 929 3143 de
954 3095 1028 3144 Rossi
1051 3095 1120 3157 apud
1139 3094 1255 3156 Florelli,
1280 3092 1382 3142 Notizie

769 3180 792 3228 d.
817 3179 892 3229 Seaui
916 3178 982 3228 1888
1006 3195 1029 3242 p.
1051 3178 1100 3228 708
1126 3194 1183 3243 sqq.
1211 3179 1278 3227 Bull.
1304 3177 1378 3227 Gom.

767 3263 834 3314 1889
866 3281 888 3327 p.
921 3263 1027 3327 355sqq.
1058 3262 1125 3313 1890
1151 3279 1175 3326 p.
1202 3261 1252 3311 nat
1277 3278 1316 3326 sq.
1351 3263 1381 3310 ln

768 3351 923 3399 universum
941 3350 973 3399 cf.
991 3349 1090 3399 Seneca
1102 3346 1249 3412 ep.l5‚lssz
1268 3349 1382 3409 pestatio

768 3441 794 3484 et
810 3450 907 3497 corpus
924 3436 1054 3497 concutit,
1072 3440 1096 3482 et
1108 3434 1199 3482 stadia
1211 3447 1267 3481 noa
1282 3433 1381 3494 afficit:

767 3521 853 3583 passis
887 3521 986 3582 tepere,
1019 3519 1107 3580 possis·
1141 3517 1260 3578 dictare,
1293 3517 1381 3577 passis

769 3607 857 3668 loqui,
871 3605 959 3666 possis
977 3604 1081 3652 audire.

805 3690 957 3738 Tormenta.
972 3704 1006 3737 sc.
1021 3703 1171 3752 servorum,
1187 3702 1249 3735 uam
1261 3686 1381 3734 homines

103 3780 128 3822 et
149 3773 266 3821 alicuius
288 3773 447 3834 cupiditatis
464 3773 580 3834 speciem
597 3773 657 3822 sine
673 3773 714 3834 es·
767 3773 896 3837 ingenuos
914 3787 941 3820 se
959 3787 1012 3820 non
1030 3772 1179 3834 quaestioni
1196 3771 1379 3820 subiecturum

104 3858 181 3919 fecta.
217 3856 285 3905 Tam
316 3855 418 3906 Aeacus
450 3857 522 3906 iubet
550 3857 630 3905 illum
656 3858 715 3906 alea
767 3872 824 3907 esse
848 3857 1003 3921 promiserat
1026 3855 1153 3906 Claudius
1170 3857 1246 3905 initio
1263 3856 1379 3918 imperii,

103 3942 194 3991 ludere
215 3947 327 4003 pertuso
352 3942 458 4004 fritillo.
476 3949 502 3991 et
519 3943 574 3990 iam
593 3949 717 4004 coeperat
767 3943 809 3991 cui
841 3946 932 3991 tamen
959 3941 1083 4003 promisso
1109 3956 1171 3990 cum
1197 3956 1250 3990 uon
1276 3941 1379 3990 stetisse

103 4028 237 4089 sapientes
263 4041 370 4088 semper
397 4032 508 4075 tesseras
534 4040 665 4088 quaerere
690 4031 716 4075 et
769 4032 825 4089 post
849 4027 1020 4076 rebellionem
1045 4025 1149 4075 Camilli
1175 4026 1237 4074 oica
1263 4027 1309 4075 Dio
1333 4025 1379 4089 aa,

102 4112 173 4160 nihil
190 4112 327 4173 proficere.
346 4109 383 4159 cf.
402 4110 474 4160 Suet.
492 4110 581 4160 viel:
601 4110 714 4161 Claudia
766 4111 814 4174 15,
837 4112 866 4160 o:
890 4108 976 4159 καίτοι
1001 4115 1047 4159 τοῦ
1066 4107 1203 4159 Κλαυδίου
1219 4107 1276 4159 κατ’
1296 4107 1379 4175 ἀρχὰς

99 4211 151 4258 per
167 4197 241 4244 aleae
257 4196 379 4244 studium
398 4196 554 4256 familiaris.
766 4191 849 4250 εὐθὺς
875 4200 920 4258 τῆς
946 4192 1086 4260 ἡγεμονίας
1112 4192 1256 4257 ὀμόσαντος
1278 4192 1378 4260 μηδένα

134 4280 288 4343 pestatione.
313 4281 410 4343 gestari
431 4281 533 4343 proprie
549 4281 660 4343 dicitur,
685 4286 715 4329 ut
765 4280 907 4346 βασανιεῖν.

102 4364 158 4427 ipsa
185 4379 232 4412 vox
256 4365 370 4426 indicat,
396 4365 418 4413 is
438 4365 484 4428 qui
507 4366 600 4415 lectica
621 4367 712 4415 fertur.
800 4382 901 4429 paenas
926 4367 1138 4429 parricidarum.
1162 4367 1194 4414 cf.
1217 4366 1272 4428 Dig.
1291 4363 1377 4428 18,9.

100 4447 156 4497 Hac
179 4452 270 4497 tamen
294 4453 382 4497 aetate
399 4449 426 4497 in
445 4451 599 4498 universnm
617 4451 714 4512 gestari
767 4450 794 4501 a:
812 4451 905 4501 Poena
920 4451 1067 4513 parricidii
1084 4450 1380 4500 nraremaiorumliaec

100 4533 198 4583 dicitur
215 4534 237 4582 is
256 4534 301 4596 qui
320 4534 373 4583 sive
391 4535 483 4583 lectica
501 4537 633 4597 gestatur,
660 4535 714 4583 sive
766 4535 892 4583 instituta
917 4540 970 4596 est,
996 4539 1027 4582 ut
1050 4534 1192 4595 parricida
1215 4534 1300 4596 cirpis
1317 4549 1379 4583 san·

99 4619 129 4667 in
147 4634 227 4667 curru
245 4619 326 4667 animi
342 4617 550 4679 numerabitur,
568 4617 714 4680 ef.praeter
766 4620 876 4679 pacincis
902 4618 1059 4668 verberatas
1081 4618 1179 4667 deinde
1202 4618 1284 4667 calleo
1301 4620 1378 4668 insa-

100 4703 175 4751 hunc
201 4704 288 4751 locum
313 4701 372 4752 Seu.
399 4717 438 4766 ep.
462 4701 518 4750 127.
545 4700 574 4749 o:
609 4702 713 4759 Quaero
766 4708 829 4751 atur
852 4717 914 4750 cum
937 4717 1015 4763 cane,
1039 4701 1110 4762 pallo
1132 4702 1280 4764 pallinaceo
1297 4709 1322 4750 et
1338 4703 1378 4750 vi-

100 4787 173 4835 circa
198 4787 294 4834 haram
313 4793 435 4835 octauam
452 4787 551 4846 noctis,
575 4787 643 4847 qaid
660 4787 713 4834 sili
764 4802 844 4849 pera,
871 4793 897 4835 et
920 4787 1017 4835 simia:
1041 4786 1138 4835 deinde
1160 4787 1191 4836 in
1216 4802 1293 4835 auare
1316 4801 1378 4848 pro-

101 4873 147 4921 ille
164 4887 247 4921 sonus
263 4878 387 4920 rotarum
398 4873 469 4921 uelit.
487 4871 713 4920 Gestaridicitar.
765 4871 884 4933 fandum
901 4871 1000 4920 culleus
1010 4871 1136 4920 iactatur.
1154 4869 1296 4919 Claudium
1306 4870 1376 4918 mul·
