3322 5512
714 333 770 390 169

101 525 253 603 trram
273 525 324 588 aar
344 525 474 588 tatastat.
510 514 670 608 Cumque
703 512 834 609 impubi
860 524 1047 608 teneroque
1073 514 1205 607 adbuc,
1239 515 1379 609 quando
1471 514 1510 588 C.
1537 518 1577 588 tr

101 649 235 713 statura
255 640 485 737 permitteret,
511 651 629 734 togam
647 638 732 712 dare
749 638 978 730 destinasset,
1004 638 1147 712 adiecit:
1183 642 1228 713 Ut
1244 645 1384 714 taudem

100 767 245 857 populas
272 768 316 838 R.
342 790 462 838 acram
491 767 675 838 Caesarem
699 766 830 836 babeat.

149 889 280 964 XLIV.
332 890 409 962 Non
443 890 622 984 multoque
654 898 734 985 post
767 898 1012 962 testamentum
1046 889 1148 962 etiam
1180 890 1383 986 conscripsit

100 1037 142 1086 ac
168 1013 278 1108 signis
303 1014 455 1087 omnium
482 1013 750 1109 magistratuum
775 1012 981 1109 obsignavit.
1018 1013 1121 1087 Prius
1147 1014 1252 1109 igitur
1277 1037 1382 1109 quam

101 1139 193 1212 ultra
211 1137 495 1234 progrederetur,
522 1148 734 1234 praeventus
751 1147 804 1210 est
821 1138 866 1210 ab
884 1137 1097 1234 Agrippina,
1123 1162 1226 1233 quam
1246 1147 1384 1234 praeter

100 1264 187 1336 haee
220 1262 431 1337 conscientia
465 1287 621 1359 quoque,
657 1287 719 1336 nec
754 1263 869 1335 minus
904 1263 1077 1336 delatores
1108 1265 1292 1337 multorum
1320 1264 1383 1337 111-

101 1389 231 1462 minum
258 1389 463 1484 urguebant.

93 1613 184 1662 ,titana
222 1613 349 1675 amplecti
383 1611 592 1675 Britannicam,
632 1613 714 1661 robur

100 1697 197 1746 aetatis
220 1712 305 1759 qaam
326 1698 526 1746 ritatarriaiaat
541 1698 664 1760 precari,
681 1723 714 1730 -

100 1781 273 1844 adolesceret,
297 1783 387 1844 patris
411 1780 538 1830 laiaticos
555 1783 713 1844 depelleret,

100 1866 198 1914 aratris
223 1866 307 1915 etiam
324 1865 511 1929 interfectores
531 1867 713 1916 ulcisceretur.

134 1945 150 1995 ό
166 1945 269 2011 τρώσας
287 1944 332 1997 καὶ
351 1945 457 1998 ἰάσεται.
475 1965 563 1999 veram
573 1951 714 2000 lectionem

101 2033 220 2082 restituit
232 2033 301 2082 Petr.
310 2033 457 2098 Victorius,
472 2034 531 2084 Var.
541 2035 610 2084 Lect.
619 2034 663 2098 et,
673 2034 713 2084 11.

100 2118 278 2167 Memmianus
301 2120 410 2182 praebet
434 2117 449 2167 ὁ
470 2115 573 2181 τρώσας
589 2117 713 2168 πείσεται.

101 2203 154 2252 Hoc
172 2217 326 2266 responsum
344 2205 408 2253 alim
425 2204 541 2267 Telepho
550 2205 605 2268 regi
614 2204 715 2266 Mysiae

101 2287 194 2335 datum
212 2293 282 2351 erat,
304 2303 366 2337 eum
384 2289 497 2350 vulnus,
522 2289 593 2352 quad
610 2288 633 2337 is
649 2287 714 2336 Tro-

101 2373 169 2421 ianis
193 2387 270 2435 opem
290 2373 377 2422 ferens
394 2373 427 2422 ab
445 2373 547 2422 Achille
565 2377 713 2435 acceperat,

100 2457 168 2506 coire
193 2458 276 2506 nollet
297 2472 381 2521 eaque
399 2458 430 2506 de
449 2473 477 2506 re
494 2458 633 2506 oraculum
651 2472 713 2506 con-

101 2542 235 2590 suluisset.
262 2541 300 2591 Cf.
318 2542 441 2591 Eustatlr.
461 2557 484 2604 p.
502 2541 548 2604 45,
566 2540 612 2590 38ι
630 2536 714 2595 ὡςδὲ

100 2621 129 2672 τὸ
147 2630 251 2688 τραῦμα
266 2621 335 2690 εἶχεν
350 2623 547 2690 ἀθεράπευτον,
564 2629 658 2689 χρᾶται
668 2621 713 2674 καὶ

100 2707 116 2757 ὁ
138 2707 258 2774 χρησμὸς
283 2707 371 2760 ἀνεῖπε
397 2710 425 2759 τὸ
451 2707 649 2773 θρυλλούμενον
676 2707 714 2767 ὡς

101 2791 152 2858 ἄρα
167 2793 182 2843 ὁ
198 2792 301 2858 τρώσας
317 2792 423 2844 ἰάσεται.
442 2796 537 2860 Hygin.
547 2797 597 2847 tab.
608 2798 647 2847 (ll.
657 2798 713 2857 Quo

102 2895 224 2944 responso
249 2887 354 2943 accepto
377 2881 510 2944 Telephus
531 2881 559 2930 in
577 2881 713 2932 Graeciam

102 2967 235 3028 protectus
258 2972 306 3015 aut
330 2968 406 3016 hasta
430 2967 486 3030 ipsa
503 2969 611 3016 admota
629 2967 713 3030 (Ouid.

101 3051 162 3100 Met.
177 3051 226 3100 Xll
234 3049 298 3114 ‘1123
316 3051 394 3101 Trist.
405 3051 465 3116 Vt,
483 3052 523 3102 15.
534 3052 622 3101 Horat.
634 3053 713 3115 Epod.

101 3136 170 3185 XVll
188 3134 229 3199 8),
247 3141 295 3185 aut
314 3136 431 3200 robigine
451 3135 713 3201 hastaefflyginll.

101 3221 165 3269 Ptin.
183 3221 211 3270 ll.
229 3221 259 3269 N.
277 3220 324 3284 15,
342 3221 387 3284 423
412 3219 458 3285 34,
476 3220 533 3271 151.
556 3222 636 3271 Anth.
657 3222 712 3271 Lat.

101 3303 124 3354 1²
141 3304 203 3368 181,
221 3305 237 3354 9
255 3304 304 3369 sq.)
323 3311 432 3356 sanatus
450 3322 506 3355 esse
526 3307 629 3356 dicitur.

134 3392 243 3453 quaracla
268 3398 374 3440 statura
398 3393 577 3454 permitteret.
609 3393 713 3442 llritan·

102 3477 190 3526 nicam
204 3478 273 3527 circa
287 3483 400 3526 mortem
410 3477 512 3527 Claudii
523 3493 605 3540 paene
614 3479 713 3528 iustam

100 3567 231 3611 staturam
250 3563 373 3612 babuisse
391 3567 507 3612 testatur
526 3564 573 3612 Dio
582 3562 628 3627 61,
647 3564 713 3627 1,1;

100 3641 146 3694 καὶ
169 3650 200 3709 τῇ
223 3649 269 3694 τοῦ
287 3642 409 3708 σώματος
427 3642 504 3710 ἀκμῇ
521 3643 568 3696 καὶ
585 3643 650 3712 ὑπὲρ
670 3645 714 3698 τὸν

100 3733 153 3778 τῶν
170 3726 237 3778 ἑτῶν
254 3726 370 3793 ἀριθμὸν
387 3727 500 3794 1111111111
516 3729 712 3795 Βρεττανικός).

100 3815 137 3863 Ex
156 3815 196 3864 his
213 3815 299 3864 verbis
315 3817 462 3879 colligitur,
480 3815 621 3866 Claudium
636 3823 713 3883 togae

100 3900 233 3949 dationem
256 3915 308 3949 non
332 3901 478 3950 dilaturum
502 3903 583 3951 fuisse
606 3904 633 3952 in
651 3920 713 3955 eum

100 3985 184 4046 diem,
200 4000 263 4034 sane
272 3987 459 4050 propinquum,
468 4002 521 4050 quo
532 3987 602 4037 filius
612 4004 712 4040 annum

100 4071 225 4133 quintum
238 4071 371 4120 decimum
380 4071 546 4134 ingressurus
558 4078 627 4122 esset
636 4072 671 4135 (d.
681 4074 714 4124 13

101 4170 136 4204 m.
143 4154 216 4203 Febr.
226 4170 249 4205 a.
258 4152 374 4218 808155),
383 4171 399 4204 1
408 4171 461 4219 qua
469 4162 558 4207 aetate
567 4161 712 4211 secundum

101 4239 284 4288 Proculeianos
324 4240 450 4296 pubertas
482 4242 638 4307 incipiebat,
680 4247 712 4295 of.

101 4324 203 4387 Ulpian.
222 4324 268 4386 ll,
286 4323 326 4375 28.
345 4324 426 4374 Gaius
443 4325 526 4376 1198.
545 4329 630 4378 lustit.
648 4330 657 4378 l
672 4329 712 4380 11.

133 4424 227 4458 verant
240 4409 389 4460 Caesarem.
409 4410 559 4461 Britannico
568 4427 712 4476 cognomen

100 4493 196 4543 Caesar
221 4496 274 4544 iam
300 4496 365 4558 tuit,
396 4500 426 4544 ut
452 4510 580 4545 nummus
606 4504 714 4567 senatus

100 4579 176 4628 docet
197 4577 307 4641 (Eckhel
329 4581 357 4628 D.
376 4579 408 4628 N.
426 4579 459 4628 Vl
477 4579 527 4628 254
545 4596 575 4622 =
595 4579 684 4630 Cohen
703 4583 713 4630 l

101 4681 123 4727 p.
142 4663 202 4726 171)
225 4665 381 4727 inscriptus:
409 4665 446 4713 Ti.
466 4664 595 4714 Claudias
615 4665 714 4714 Caesar

99 4751 169 4812 Aug.
188 4750 207 4811 s.
225 4750 416 4812 Britannicus,
434 4751 466 4799 cf.
480 4749 507 4800 C.
521 4751 539 4799 1.
554 4749 597 4799 Gr.
615 4749 679 4800 3831
699 4766 715 4801 1

99 4831 227 4895 lotrad.)
235 4848 241 4883 :
250 4859 283 4868 -
291 4833 348 4897 τοῦ]
359 4831 493 4898 Καίσαρος
502 4831 714 4900 Βρ[εττανικ]οῦ

768 1610 874 1675 πατρός.
893 1611 920 1661 C.
936 1614 956 1662 Ι.
969 1613 996 1662 l..
1014 1614 1050 1663 Xl
1067 1612 1134 1664 3602
1153 1631 1182 1657 =
1199 1615 1270 1664 Dess.
1286 1630 1310 1664 n.
1325 1613 1382 1663 221.

770 1697 862 1760 ltaque
881 1702 970 1746 nostro
988 1700 1043 1751 loeo
1061 1713 1114 1747 non
1133 1699 1164 1747 de
1178 1699 1285 1747 nomine
1297 1700 1383 1748 dando

768 1782 953 1844 cogitandum,
980 1785 1024 1832 sed
1051 1783 1178 1833 indicarit
1203 1783 1330 1834 Claudius
1355 1799 1383 1833 se

769 1865 952 1916 Britannicum
967 1872 1115 1917 consortem
1126 1868 1229 1931 imperii
1247 1869 1383 1918 facturum

769 1965 1000 2015 successoremque
1026 1952 1075 2000 sibi
1101 1953 1317 2016 designatorum
1347 1954 1384 2002 sic

770 2036 877 2084 demum
895 2038 1023 2100 populum
1042 2038 1191 2087 Romanum
1211 2035 1382 2087 1111111011-

769 2135 854 2169 sarem
873 2119 899 2179 (i.
918 2136 940 2170 e.
951 2120 1115 2185 Augustum)
1124 2122 1152 2170 in
1162 2137 1278 2185 purpura
1288 2127 1382 2170 natum

770 2204 931 2254 habiturum.

804 2295 1002 2340 testamentum.
1020 2291 1048 2339 in
1067 2291 1117 2340 boe
1130 2290 1313 2340 Britannicum
1329 2291 1382 2339 Nc·

770 2373 828 2421 roni
846 2375 940 2423 saltem
959 2378 1106 2437 aequatum
1124 2375 1205 2424 tuisse
1215 2380 1332 2438 oportet,
1350 2377 1382 2425 cf.

769 2457 828 2507 Tac.
854 2458 920 2507 Ann.
947 2459 995 2508 llll
1022 2459 1066 2509 bil:
1094 2462 1384 2510 testamentaambaad

768 2543 927 2607 recitatam,
945 2559 979 2593 ae
992 2546 1160 2608 antepositas
1175 2545 1231 2607 filio
1238 2546 1383 2607 privignas

769 2627 797 2687 (i.
823 2642 845 2677 e.
872 2643 925 2677 non
944 2645 960 2677 a
983 2635 1070 2694 patre,
1096 2630 1141 2679 sed
1165 2645 1181 2678 a
1204 2630 1333 2680 militibus
1356 2638 1384 2680 et

769 2716 879 2775 senatu,
897 2713 930 2763 ct.
948 2713 1097 2762 Mommsen
1114 2713 1175 2765 StR.
1193 2712 1230 2762 11³
1246 2713 1313 2763 1135
1332 2716 1351 2764 Α
1367 2715 1383 2764 5

770 2813 800 2839 =
819 2794 950 2860 1121079)
974 2799 1079 2847 iniuria
1101 2804 1127 2848 et
1149 2800 1254 2848 invidia
1275 2801 1383 2850 animos

768 2883 842 2945 vulpi
878 2883 1008 2932 turbaret.
1042 2884 1244 2934 Testamentum
1277 2886 1382 2936 irritum

769 2967 835 3030 tuit,
852 2967 885 3016 cf.
904 2967 962 3016 Tac.
982 2968 998 3016 l.
1016 2970 1033 3017 1.
1052 2968 1099 3016 Dio
1117 2968 1164 3032 ot,
1182 2968 1211 3030 l,
1228 2970 1252 3020 2.

803 3051 965 3113 arguebant.
975 3052 1023 3100 hoc
1030 3049 1110 3115 (quod
1117 3053 1170 3102 iarn
1177 3054 1381 3119 Baumgarten-

769 3134 879 3185 Crasius
896 3135 1034 3199 praetulit)
1052 3138 1112 3186 dedi
1128 3138 1290 3203 Madvigium
1305 3140 1380 3203 (nov.

769 3220 832 3270 Crit.
851 3222 862 3269 l
880 3237 902 3285 p.
921 3220 965 3283 19)
990 3228 1098 3272 secutus
1129 3239 1173 3286 pro
1190 3226 1311 3275 codicum
1329 3229 1382 3276 lec-

769 3306 841 3354 tione
866 3307 1026 3368 arqaebaat.
1050 3308 1118 3357 Nam
1144 3325 1231 3374 neque
1253 3312 1333 3361 verba
1355 3319 1383 3362 et

768 3392 839 3441 taeta
865 3391 967 3441 Claudii
991 3391 1033 3454 (cf.
1051 3401 1163 3456 praeter
1181 3395 1269 3459 baec),
1296 3412 1382 3461 neque

769 3477 929 3526 conscientia
946 3479 1120 3542 accusabant,
1145 3480 1189 3528 sed
1208 3481 1382 3530 stimulabant

769 3562 955 3626 Agrippinam,
973 3569 1005 3612 ut
1021 3566 1139 3615 auderet.

804 3644 837 3710 [p.
856 3644 916 3707 170]
940 3662 1040 3698 veneno
1057 3651 1169 3712 quidem
1186 3651 1302 3699 occisam
1319 3665 1381 3699 coa-

769 3732 847 3781 ueait.
872 3731 997 3794 Iosephus
1019 3731 1097 3797 (num
1122 3735 1184 3783 huic
1205 3736 1382 3785 Philostratus

767 3811 810 3876 (ef.
828 3814 939 3877 testim.)
957 3817 1094 3866 addendus
1109 3819 1156 3880 sit,
1175 3817 1278 3880 dubito)
1291 3824 1381 3868 tamen

767 3899 848 3948 aliam
860 3901 1029 3950 traditionem
1042 3904 1129 3967 norit,
1145 3905 1202 3968 cui,
1217 3918 1380 3968 quamquain

768 3983 793 4032 id
812 3999 864 4033 non
883 3986 980 4035 diserte
993 3987 1070 4049 dicit,
1088 3986 1167 4036 sidem
1178 3989 1300 4038 habuisse
1310 3989 1381 4036 ride-

767 4073 826 4132 tur,
844 4070 881 4118 ita
899 4075 929 4119 ut
947 4073 987 4120 vel
1007 4065 1247 4136 hocsoloexempla
1258 4073 1382 4136 probetur

768 4154 855 4216 opinio
874 4155 963 4204 Rothii
981 4153 1073 4218 (praef.
1093 4173 1115 4219 p.
1134 4155 1205 4220 XV),
1224 4156 1381 4206 Suetonium

767 4252 899 4301 nusquam
920 4240 1059 4303 losephurn
1075 4242 1247 4291 consuluisse.

802 4323 892 4387 Nuper
916 4325 954 4373 vir
971 4339 1083 4389 magnae
1101 4327 1266 4376 auctoritatis
1284 4329 1311 4376 L.
1332 4342 1380 4375 ron

769 4410 860 4458 Ranlre
886 4408 1122 4473 (Weltgeschiobte
1151 4411 1233 4474 1112,
1252 4411 1381 4461 Analelrte

769 4511 792 4556 p.
810 4493 859 4544 308
877 4493 946 4558 sqq.)
964 4495 1067 4558 losepbi
1081 4495 1231 4558 opinionem
1244 4495 1382 4558 amplexus

768 4581 878 4643 probare
904 4581 1009 4629 studuit
1035 4578 1176 4628 Claudiurn
1203 4579 1304 4642 boleto,
1328 4596 1381 4629 non

769 4665 912 4726 medioata,
931 4665 975 4713 sed
992 4669 1087 4713 natura
1103 4664 1379 4728 noxiointeremptum

769 4765 833 4799 esse.
859 4751 1026 4813 Quamquam
1047 4750 1094 4799 hoc
1111 4749 1213 4813 ipsum,
1236 4751 1308 4814 quod
1326 4756 1381 4799 tra-

769 4835 833 4885 ditio
859 4851 875 4884 a
897 4836 1004 4897 losepho
1028 4840 1132 4885 servata
1155 4841 1258 4886 exstare
1282 4838 1381 4900 potuit,
