3322 5512
92 534 131 610 O.
160 540 214 608 11.

310 545 346 610 et
424 537 569 611 circensi
649 561 777 634 pompa
855 563 993 613 currum
1078 541 1359 637 elephantorum,
1446 539 1588 638 Augus-

305 663 376 735 tino
445 663 614 755 similem,
684 663 904 737 deoernenda
966 665 1118 759 curavit3
1180 665 1384 762 parentibus
1445 666 1588 740 inferias

346 869 406 928 Dio
429 872 484 943 60,
508 873 544 944 5,
568 872 597 929 2.
639 870 691 944 τήν
723 893 757 933 τε
789 867 886 944 τήθην
918 872 972 945 τὴν
1005 869 1127 934 Areatas
1161 872 1192 934 οὐ
1224 870 1311 948 μόνον
1344 866 1443 935 ἵππων
1471 873 1587 949 ἀγῶσιν

307 974 449 1053 ἐτίμησεν
473 975 562 1040 aaut
585 973 637 1040 καὶ
661 974 913 1051 eanbaldum,
938 975 1077 1054 ἄγαλμά
1102 975 1136 1040 τέ
1159 1001 1188 1040 rr
1212 980 1306 1050 αὐτῆς
1330 978 1360 1041 ἐν
1381 980 1421 1058 τῷ
1446 981 1586 1055 Αὔγουσ-

304 1081 370 1162 τείῳ
401 1082 520 1162 ἱδρύσας
551 1082 602 1146 καὶ
633 1081 690 1155 τὰς
719 1080 830 1153 θυσίας
861 1088 930 1153 ταῖς
960 1082 1175 1163 ἀειααρῢένας
1206 1083 1357 1163 leporrorsia
1388 1085 1586 1167 προστάξας,

304 1195 373 1260 ταῖς·
397 1213 431 1254 τε
455 1188 593 1271 γυναιξὶν
618 1185 700 1269 ὅρκον
725 1188 758 1252 τὸ
782 1187 877 1267 ὄνομα
901 1191 995 1263 αὐτῆς
1020 1188 1177 1254 ποιεῖσθαι
1202 1191 1360 1264 κελεύσας.

348 1297 456 1356 Seneca
482 1297 602 1373 Apocol.
633 1299 666 1370 9,
700 1299 728 1355 5.
770 1297 869 1355 divam
907 1294 1090 1373 Augustam,
1127 1298 1224 1356 aviam
1261 1316 1361 1368 suam,
1400 1318 1489 1376 quam
1520 1301 1587 1377 ipse

304 1404 389 1463 deam
412 1422 478 1463 esse
499 1403 595 1462 iussit.

305 1649 396 1697 bovem
414 1644 533 1708 naar[ena
546 1648 624 1698 divae
637 1647 789 1711 Augustulo
799 1664 915 1698 vaccam.

303 1732 396 1781 Annus
422 1745 505 1794 paene
530 1735 619 1781 certus
644 1737 697 1796 est,
724 1748 786 1782 narn
813 1737 917 1796 propter

304 1816 374 1865 diem
405 1817 565 1866 consecratio
597 1831 620 1867 a.
646 1814 735 1880 lhlltl
763 1819 834 1867 lacta
858 1833 915 1868 esse

304 1901 411 1965 nequit,
437 1906 465 1951 et
490 1902 537 1951 Dio
563 1899 619 1965 (60,
646 1902 675 1965 5,
701 1900 729 1964 2)
752 1903 817 1952 haec
839 1902 915 1952 initio

303 1986 362 2036 libri
386 1986 430 2036 LX
452 1992 596 2051 memorat,
620 2002 673 2049 quo
699 2002 743 2036 eas
765 2003 820 2051 res,
846 2001 915 2051 quae

303 2072 378 2121 initio
401 2071 506 2134 imperii
529 2070 632 2120 Claudii
655 2072 740 2121 factae
759 2077 835 2135 sunt,
860 2076 915 2120 tra-

303 2156 384 2218 didit,
409 2161 437 2205 et
462 2171 485 2205 a.
504 2153 608 2220 795llt,
634 2161 666 2205 ut
685 2157 802 2219 videtur,
828 2155 915 2205 Cirtae

303 2241 383 2291 Divae
400 2241 537 2305 Augustae
555 2241 688 2290 flaminica
699 2241 819 2291 occurrit.
839 2239 876 2289 Os.
887 2238 914 2289 G.

303 2327 322 2376 l.
341 2327 368 2376 L.
392 2326 451 2374 VIII
468 2323 534 2374 6987
553 2341 583 2369 =
601 2324 691 2388 Suppl.
709 2323 805 2374 terea:
831 2326 916 2375 Divae

302 2408 456 2473 Aa[9astae
491 2409 610 2472 sacrant]
639 2411 667 2469 Q.
694 2411 814 2460 Marcius
841 2411 867 2461 C.
894 2411 914 2472 s.

303 2495 392 2544 Barea
431 2510 481 2543 cos.
520 2493 584 2557 X[V
616 2493 673 2557 nilo·
704 2511 724 2544 s.
759 2495 779 2557 f.
811 2495 916 2557 fetialis

300 2577 485 2643 proc[os....]
526 2580 644 2628 ded...
680 2579 770 2629 Coelio
801 2579 861 2628 Sea.
894 2579 913 2641 s.

307 2663 516 2714 Ur..riaPota'to
526 2663 668 2726 flanaimca
674 2661 916 2725 Di[vaeAu9ustue

302 2764 353 2798 sna
373 2747 503 2811 pelcnnia
527 2748 686 2810 faciendam
708 2750 819 2798 curavit.
846 2747 915 2797 Nam

303 2849 325 2882 a.
351 2829 442 2895 reate
474 2832 503 2891 Q.
529 2833 643 2883 Marcius
669 2833 751 2882 Barea
777 2835 915 2895 proconsul

302 2919 405 2968 Africae
431 2919 496 2981 luit,
526 2920 558 2968 cf.
586 2917 613 2968 G.
640 2919 658 2968 1.
687 2919 713 2967 L.
740 2919 799 2967 Vlll
825 2918 914 2981 Suppl.

302 3003 398 3054 trous:
418 3001 470 3065 [Ti.
488 3001 611 3066 Claudio]
624 3003 734 3054 Caesari
744 3001 824 3066 [Aug.
836 3003 915 3066 Ger]-

302 3090 411 3138 manico
431 3104 459 3152 p.
482 3104 519 3138 m.
545 3087 631 3152 [trilb.
654 3095 709 3152 pot.
734 3105 784 3139 cos.
802 3089 833 3137 Π
850 3093 915 3153 intp.

302 3174 348 3221 ΠΙ
371 3171 411 3235 [Q.
435 3172 569 3235 Moechus
595 3172 621 3222 C.
641 3174 660 3234 f.
679 3173 768 3222 Barea
787 3171 848 3235 [cos.
867 3173 918 3221 XV

302 3257 359 3320 nih·
376 3273 396 3307 s.
415 3257 434 3319 f.
453 3255 580 3319 fetialds]
598 3272 700 3320 procos.
719 3258 860 3307 dedicauit.

336 3343 393 3392 Huc
413 3346 513 3405 spectat
531 3357 658 3391 nummus
676 3357 691 3390 a
708 3347 802 3391 senatu
822 3359 914 3405 cusos,

302 3428 334 3477 cf.
352 3427 451 3476 Eckhel
469 3426 498 3476 D.
517 3426 547 3474 N.
566 3426 601 3474 Vl
617 3425 679 3475 458:
705 3427 788 3476 Divus
806 3427 915 3496 Anaus-

303 3517 344 3560 tus
361 3511 387 3560 S.
408 3509 446 3572 C.)
463 3506 543 3566 (Diua
566 3509 698 3572 Augusta.
725 3512 822 3561 Liberti
848 3528 915 3576 quo-

302 3610 355 3658 que
374 3596 432 3644 eius
449 3609 522 3644 more
540 3595 617 3644 solito
635 3610 662 3644 se
681 3597 760 3646 Divae
779 3596 915 3660 Augustae

301 3680 409 3730 libertos
435 3680 652 3742 nominaverunt,
679 3682 711 3730 cf.
736 3680 763 3731 C.
788 3681 805 3729 l.
830 3682 856 3730 L.
881 3681 915 3729 Vl

302 3762 375 3814 3879.
394 3763 468 3814 3945.
486 3763 560 3814 etse.
578 3763 652 3814 8955.
670 3764 760 3814 trull.
778 3764 868 3814 23338.

335 3850 383 3898 Dio
402 3850 416 3898 l.
435 3851 452 3899 l.
470 3850 552 3898 tradit
569 3850 675 3913 signnm
690 3850 764 3898 divae
779 3849 915 3913 Augustae

302 3935 416 3998 positum
443 3949 499 3983 esse
525 3935 552 3982 in
579 3935 678 3997 templo
702 3935 828 4000 Augusti,
847 3934 874 3997 (i.
892 3951 913 3986 e.

301 4020 328 4068 in
360 4020 460 4082 templo
490 4019 604 4082 Augusti
630 4021 656 4067 in
683 4021 783 4069 Palatio
810 4035 825 4069 a
850 4019 915 4069 Gaio

302 4103 433 4167 dedicato)
451 4104 521 4168 qnod
537 4103 710 4153 confirmatur
722 4106 801 4154 titulo
813 4105 914 4154 urbano

301 4187 328 4237 G.
355 4189 373 4238 1.
401 4189 427 4237 L.
455 4189 488 4237 Vl
515 4188 593 4238 4222:
619 4189 764 4251 Bathyllus
789 4191 914 4239 aedituus

302 4275 397 4336 tenepli
414 4274 470 4322 diui
482 4272 623 4336 Auptusti)
637 4280 662 4322 et
672 4274 750 4323 divae
763 4273 913 4336 Augustae,

302 4358 372 4419 qnod
395 4363 434 4407 est
457 4359 487 4406 in
503 4357 652 4407 Palatium.
678 4359 749 4407 Idem
769 4359 815 4408 Dio
832 4359 914 4408 tradit

301 4440 442 4491 Claudium
467 4442 619 4505 Virginibus
636 4441 786 4491 Vestalibus
803 4443 913 4491 manda-

301 4527 382 4590 visse,
401 4531 432 4575 ut
449 4542 531 4576 novae
549 4528 623 4576 divae
642 4525 833 4586 sacrificarent,
853 4542 912 4574 mu-

300 4612 432 4674 lieresque
457 4628 501 4674 per
524 4627 621 4662 nornen
643 4612 700 4661 eius
723 4612 811 4661 iurare
828 4611 914 4660 iussas

300 4712 370 4759 esse,
395 4703 426 4746 ut
449 4695 530 4746 Gaius
548 4711 655 4760 quoque
672 4696 700 4745 in
718 4696 913 4746 consecratione

301 4782 432 4831 Drusillae
450 4783 549 4832 lecerat
565 4780 605 4843 (cf
620 4782 667 4830 Dio
685 4780 730 4843 59,
747 4779 793 4842 ll,
810 4779 846 4840 3).

333 4868 445 4916 circensi
469 4881 576 4929 ponapo.
600 4881 708 4929 pompa,
735 4881 803 4929 qliae
821 4865 912 4928 primi·

969 1653 1014 1698 tus
1036 1650 1065 1698 in
1088 1650 1246 1714 triumphis,
1270 1665 1285 1699 a
1303 1652 1403 1714 templo
1421 1651 1488 1700 Iovis
1507 1649 1585 1714 Capi-

970 1735 1046 1783 tolini
1064 1735 1096 1783 ad
1108 1736 1209 1785 circum
1224 1734 1385 1797 Maximum,
1404 1735 1449 1785 ubi
1464 1735 1521 1784 ludi
1537 1736 1585 1784 tri-

970 1819 1110 1881 umphales
1120 1820 1293 1882 habebantur,
1304 1820 1363 1869 duci
1373 1820 1481 1883 solebat,
1491 1824 1584 1883 postea

969 1903 997 1951 in
1010 1903 1080 1952 ludis
1095 1904 1220 1953 Romanis
1233 1904 1312 1953 ducta
1325 1908 1352 1953 et
1365 1918 1395 1953 ex
1408 1904 1440 1953 iis
1453 1905 1480 1953 in
1493 1919 1586 1954 omnes

970 1988 1081 2038 maiores
1107 1989 1183 2039 ludos
1208 1991 1319 2052 tralata,
1345 1989 1437 2052 itaque
1461 1990 1585 2040 circensis

968 2075 1100 2136 appellata
1112 2079 1160 2123 est.
1176 2073 1206 2122 ln
1222 2074 1272 2122 hac
1281 2087 1389 2136 pompa,
1404 2073 1499 2137 dequa
1509 2076 1586 2137 plura

969 2158 1038 2220 apud
1063 2158 1145 2221 Marq.
1164 2157 1224 2208 stv.
1243 2156 1290 2206 111²
1310 2173 1332 2221 p.
1350 2156 1398 2206 507
1417 2172 1489 2221 sqq.,
1508 2159 1593 2222 signa·

969 2243 1080 2292 deorum
1114 2243 1279 2306 dearumque
1310 2242 1532 2306 traducebantur,
1559 2249 1586 2293 et

969 2333 1056 2377 aetate
1081 2328 1249 2391 imperatoria
1267 2327 1367 2391 effigies
1385 2342 1492 2390 quoque
1510 2329 1584 2376 divo-

969 2427 1030 2462 rum
1053 2417 1081 2462 et
1104 2428 1196 2462 earum
1220 2413 1364 2462 mulierum
1388 2427 1419 2460 ex
1438 2411 1583 2462 Caesarum

969 2497 1084 2560 familia,
1108 2512 1175 2560 quas
1199 2498 1318 2560 princeps
1342 2497 1469 2546 honorare
1493 2498 1584 2547 voluit.

969 2580 1070 2631 Seriem
1088 2596 1195 2643 earum,
1218 2596 1286 2645 quae
1303 2582 1342 2630 ita
1359 2582 1502 2631 honoratae
1521 2588 1585 2631 sunt

970 2665 1051 2715 habes
1069 2667 1137 2729 apud
1157 2666 1239 2729 Marq.
1257 2668 1274 2714 l.
1293 2668 1309 2715 l.
1328 2664 1377 2714 510
1395 2665 1416 2713 A
1434 2664 1457 2714 2.

1002 2766 1117 2799 currunt
1129 2751 1343 2812 elephantorum.
1363 2750 1405 2798 hio
1423 2754 1481 2798 erat
1494 2748 1584 2798 extra-

969 2835 1117 2884 ordinarius
1140 2836 1232 2894 bonor,
1256 2849 1319 2883 nam
1343 2836 1421 2896 vulgo
1442 2834 1469 2882 in
1489 2849 1585 2897 pompa

969 2921 1044 2983 signa
1062 2920 1205 2968 mulierum
1224 2919 1308 2981 posita
1324 2926 1401 2967 erant
1413 2919 1440 2966 in
1454 2919 1585 2981 carpentis

969 3019 985 3052 a
1014 3004 1083 3054 binis
1114 3004 1194 3053 mulis
1226 3003 1313 3052 vectis.
1347 3003 1455 3051 Praeter
1485 3002 1583 3051 liviam

969 3103 1047 3138 curru
1066 3089 1269 3151 elephantorum
1286 3089 1428 3136 honoratae
1439 3087 1583 3136 suntDru-

970 3175 1028 3222 silla
1045 3174 1104 3234 (Dio
1122 3171 1162 3233 56,
1180 3172 1221 3235 13,
1238 3170 1278 3236 8),
1294 3172 1364 3220 lulia
1376 3172 1427 3220 Titi
1440 3172 1457 3220 f.
1471 3169 1582 3233 (Eclrhel

970 3258 999 3306 Ι).
1028 3258 1057 3306 N.
1085 3257 1117 3306 Vl
1144 3255 1213 3320 366),
1242 3257 1367 3306 Faustina
1393 3255 1521 3306 Antonini
1545 3257 1584 3305 Pii

969 3342 1080 3402 (Eclrhel
1097 3341 1131 3389 l.l.
1151 3341 1197 3390 Vll
1215 3340 1267 3403 39).

1003 3425 1157 3487 Aarqustino
1179 3427 1307 3475 sinailenr.
1341 3426 1422 3474 Divus
1445 3424 1584 3489 Augustus

969 3524 1075 3573 quoque
1093 3510 1120 3557 in
1139 3524 1233 3572 pompa
1250 3513 1332 3559 talem
1350 3525 1460 3559 currum
1477 3510 1583 3573 habuit,

969 3594 1000 3642 cf.
1025 3594 1072 3641 Dio
1094 3592 1140 3656 ol,
1163 3593 1210 3657 lo,
1234 3594 1263 3643 4:
1288 3590 1334 3643 καὶ
1358 3592 1386 3642 οἵ
1400 3590 1539 3658 ἐλέφαντες
1558 3592 1586 3642 οἱ

969 3673 1014 3741 τὴς
1041 3681 1086 3726 τοῦ
1110 3673 1265 3741 Αὐγούστου
1290 3674 1449 3741 ἁρμάμαξαν
1467 3674 1582 3742 ἄγοντες.

969 3767 996 3811 et
1017 3777 1145 3812 nummus
1163 3763 1231 3825 apud
1250 3763 1348 3812 Echhel
1367 3764 1396 3811 Ι).
1415 3762 1447 3812 N.
1465 3763 1499 3811 Vl
1517 3761 1582 3812 las:

969 3848 1035 3896 Dino
1056 3847 1178 3910 Augusto
1200 3847 1324 3906 S.P.Q.R.
1342 3848 1458 3897 ostendit
1472 3863 1581 3897 currum

968 3930 1022 3992 (rel
1038 3929 1155 3993 tensam)
1175 3932 1284 3994 pulchre
1303 3933 1449 3995 caelatum,
1467 3947 1484 3981 a
1502 3938 1582 3996 quat-

969 4022 1030 4065 tnor
1047 4017 1196 4079 elephantis
1217 4021 1336 4079 vectum,
1355 4016 1452 4078 quibus
1470 4017 1583 4080 singulis

969 4106 1054 4150 rector
1071 4101 1176 4150 insidet.

1002 4186 1168 4234 decernenda
1185 4187 1293 4234 curauit
1310 4185 1325 4234 i.
1345 4200 1366 4234 e.
1386 4191 1479 4235 auctor
1501 4186 1582 4236 huius

968 4269 1065 4319 decreti
1083 4269 1154 4332 apud
1172 4275 1294 4318 senatum
1314 4269 1378 4332 luit,
1397 4285 1459 4319 nam
1471 4275 1583 4320 senatus

967 4357 1040 4404 solus
1070 4356 1137 4403 tales
1168 4355 1280 4402 honores
1309 4354 1450 4403 decernere
1481 4355 1582 4418 potuit,

968 4454 1054 4502 neque
1081 4444 1171 4488 tamen
1199 4440 1247 4487 hoc
1274 4439 1374 4488 factum
1401 4453 1459 4488 esse
1477 4438 1583 4488 videtur

968 4525 1018 4573 nisi
1036 4530 1143 4573 auctore
1161 4524 1290 4586 principe,
1308 4523 1341 4572 cf.
1361 4523 1509 4572 Mommsen
1520 4522 1581 4573 sta.

968 4607 1004 4656 113
1020 4607 1070 4657 886
1088 4608 1109 4656 A
1127 4608 1150 4657 2.
1169 4607 1185 4655 3
1205 4624 1234 4650 =
1254 4606 1288 4656 11²
1306 4607 1363 4657 850.

1003 4694 1141 4742 Praeterea
1158 4693 1205 4742 Dio
1223 4691 1283 4756 (60,
1303 4694 1332 4756 5,
1350 4693 1378 4755 2)
1391 4693 1485 4756 tradit,
1504 4693 1581 4742 ludos

967 4779 1096 4828 circenses
1118 4779 1146 4826 in
1165 4779 1291 4828 honorem
1310 4778 1397 4827 Liviae
1416 4778 1491 4827 datos
1509 4792 1580 4840 esse,

966 4869 994 4913 et
1016 4863 1142 4913 Claudius
1167 4877 1191 4912 a.
1209 4861 1301 4925 796)ss
1324 4863 1419 4912 Pietati
1442 4863 1581 4927 Augustae
