3322 5512
89 518 128 594 O.
157 523 211 593 11.

925 319 962 398 ’στ’

304 520 347 594 dc
373 520 544 595 sententia
569 521 722 596 iudicum
748 524 933 598 coronavit.
960 525 1014 598 Nc
1040 525 1200 598 Marcum
1224 526 1363 620 quidem
1389 517 1579 601 Antonium

301 773 394 840 (quem
404 776 626 826 Ruhnkeniusll.
635 782 743 827 secutus
751 775 803 839 est)
812 793 914 841 curpro
1001 776 1074 827 Suet.
1093 777 1159 842 Aug.
1177 776 1223 827 98:
1247 793 1312 828 υιοα
1333 779 1479 841 Neapolim
1498 736 1583 829 ίναία-

300 862 390 911 docuit
414 862 558 926 legendum
585 877 642 912 esse
667 863 808 913 coniecerit
830 864 913 913 dedit.

301 946 373 1006 Quae
390 946 542 996 coniectura
556 951 647 996 tamen
659 952 687 997 et
698 948 778 997 nimis
790 962 806 996 a
816 948 914 997 tradita

299 1032 412 1103 lectione
432 1032 532 1081 recedit
547 1038 575 1081 et
592 1045 626 1080 ne
643 1032 791 1082 necessaria
804 1032 913 1095 quidem

299 1122 347 1166 est.
372 1114 426 1165 Gur
443 1116 515 1165 enim
534 1115 677 1166 Suetonius
695 1117 817 1166 hocloco
835 1116 913 1166 verbo

299 1202 391 1251 docuit
408 1201 449 1250 uti
466 1215 519 1250 non
536 1200 623 1265 potuit
639 1202 731 1250 eodem
749 1215 842 1264 sensu,
860 1216 913 1264 quo

300 1283 398 1335 Graece
412 1280 547 1334 διδάσκειν
560 1285 658 1335 dicitur
669 1286 705 1349 is,
718 1285 764 1350 qui
774 1290 833 1348 post
842 1301 912 1335 mor-

299 1375 354 1419 tem
368 1370 483 1420 auctoris
498 1371 616 1420 fabulam
628 1372 686 1420 eius
696 1371 825 1435 agendam
835 1385 912 1420 cura-

299 1455 355 1504 vitl
373 1453 417 1516 (cf.
434 1469 456 1504 e.
467 1469 491 1518 g.
507 1459 696 1518 argumentum
711 1455 734 1503 ll
746 1454 852 1504 fabulae
865 1455 912 1506 So-

300 1540 433 1603 phocleae,
439 1539 580 1602 inscriptae
593 1535 719 1593 Οἰδίπους
727 1534 770 1587 ἐπὶ
776 1535 912 1603 Κολωνῷ·

299 1619 446 1688 Σοφοκλῆς
461 1619 477 1670 δ
490 1619 581 1678 αἰδοῦς
590 1619 709 1681 ἐδίδαξεν
718 1619 775 1678 υἱὸς
784 1620 911 1688 ὢνἉρίσ-

299 1724 382 1763 τωνος
390 1703 433 1759 ἐπὶ
441 1703 568 1772 ἄρχοντος
574 1705 715 1768 Μίκωνος,
724 1706 753 1763 ὅς
761 1704 814 1757 ἐστι
824 1704 911 1772 τέταρ-

299 1808 342 1848 τος
356 1788 409 1842 ἀπὸ
423 1788 554 1852 Καλλίου,
569 1788 612 1857 ἐφ’
630 1789 663 1842 οὖ
677 1808 759 1857 φασιν
773 1791 800 1841 οῑ
805 1790 911 1848 πλείους

300 1874 344 1928 τὸν
352 1873 497 1943 Σοφοκλέα
505 1875 673 1942 τελευτῆσαι).
684 1879 785 1942 ltaque,
798 1881 867 1943 quod
878 1881 910 1930 ad

299 1964 379 2013 verba
396 1964 506 2026 attinet,
525 1964 592 2012 nihil
606 1979 654 2013 nos
666 1979 709 2013 me
721 1965 808 2014 iudice
822 1966 910 2028 probi-

299 2048 753 2112 bet,quominuscomoediamillam
761 2048 910 2100 Germanici

299 2133 380 2182 fuisse
398 2137 536 2195 putemus,
553 2133 579 2181 id
598 2133 668 2196 quod
689 2147 783 2183 sensus
803 2149 910 2197 quoque

299 2219 408 2282 llagitat.
426 2217 506 2267 Recte
515 2218 587 2266 enim
596 2217 701 2266 Ernesti
710 2219 910 2282 animadvertit,

298 2304 318 2352 si
337 2302 463 2352 Claudius
480 2307 572 2352 auctor
590 2302 697 2365 fuisset,
719 2309 909 2366 argumentum

297 2387 403 2437 fabulae
421 2402 478 2437 esse
496 2387 618 2436 debuisse
636 2388 759 2450 fratrem,
777 2389 846 2451 quod
863 2389 909 2437 ab·

298 2473 409 2522 surdum
419 2487 484 2534 esse,
496 2472 627 2521 comicum
638 2473 710 2521 enim
720 2477 909 2535 argumentum

298 2557 486 2607 Germanicum
502 2556 626 2619 praebere
638 2571 690 2605 non
701 2571 784 2618 posse.
803 2557 909 2620 ltaque,

297 2645 347 2693 etsi
373 2656 437 2692 sane
462 2645 646 2704 exspectamus
678 2640 811 2690 Graecani
837 2644 909 2706 etna,

297 2729 379 2778 etiam
397 2731 490 2776 contra
507 2725 694 2774 auctoritatem
712 2725 731 2773 F
734 2726 842 2776 rancisci
856 2727 908 2776 Bii-

297 2816 386 2864 cbeler
409 2809 467 2874 (qui
491 2811 581 2874 Symb.
606 2810 688 2859 Bonu.
716 2826 738 2874 p.
756 2810 789 2858 65
807 2810 909 2860 Claudii

297 2899 414 2949 fabulam
455 2897 536 2945 fuisse
568 2895 641 2957 dicit)
672 2902 736 2959 puto
768 2896 909 2946 Claudium

298 2984 407 3048 Neapoli
414 2983 564 3032 Germanici
574 2981 692 3031 fabulam
702 2983 818 3044 primum
828 2997 909 3045 agen-

297 3071 358 3120 dam
364 3067 503 3118 curavisse.
513 3065 642 3127 (Eandem
649 3067 806 3130 opinionem,
814 3081 909 3130 quam-

296 3168 377 3217 quam
387 3151 552 3216 argumentis
561 3164 613 3199 non
623 3151 732 3199 adiectis
741 3152 910 3213 protulerunt

296 3238 404 3288 Teullel.
429 3237 459 3286 H.
479 3235 506 3284 L.
524 3235 552 3283 R,
579 3232 671 3298 6875,
695 3234 717 3282 5.
749 3233 778 3283 G.
797 3235 908 3300 Lafaye,

296 3326 328 3373 de
352 3328 490 3386 poetarum
515 3327 543 3370 et
566 3325 700 3370 oratorum
719 3321 909 3370 certaminibus

296 3410 364 3471 apud
383 3412 484 3455 veteres
502 3404 620 3466 (Parisiis
637 3403 715 3465 1883)
734 3421 755 3468 γ.
775 3404 827 3466 58).

331 3491 365 3556 [p.
375 3490 418 3553 51]
437 3491 616 3552 Neapolitano
626 3492 781 3540 certamine.
800 3505 822 3539 a.
834 3489 908 3553 75518

295 3579 338 3641 (cf.
348 3577 439 3627 Kaibel
450 3577 528 3625 lnscr.
539 3576 582 3623 Gr.
591 3575 661 3624 Sicil.
671 3576 725 3624 ltal.
736 3592 759 3624 n.
768 3574 828 3637 718)
838 3575 907 3624 Nea-

295 3663 405 3727 politani
428 3661 461 3710 ob
485 3659 607 3709 benificia
630 3660 662 3708 ab
686 3660 806 3724 Augusto
830 3662 856 3709 in
880 3675 907 3709 se

295 3751 391 3799 collata
423 3745 569 3796 certamina
600 3747 725 3807 gymnica
751 3754 776 3793 ct
807 3745 908 3794 musica

295 3834 506 3899 quinquennalia
548 3832 732 3893 instituerant,
777 3830 908 3891 appellata

292 3914 407 3969 Ἰταλικὰ
419 3915 538 3980 Ῥωμαῖα
556 3910 678 3980 Σεβαστὰ
693 3910 846 3975 Ἶσολύμπια
863 3911 907 3974 (ci.

296 4005 387 4054 Kaibel
407 4001 469 4065 1.1.),
493 4003 525 4051 ci.
545 4002 591 4050 Dio
609 3999 649 4060 55,
672 3998 711 4061 lo,
734 3998 762 4047 il:
787 3993 860 4060 αὐτῷ
878 3993 907 4046 δὲ

294 4085 327 4153 δὴ
352 4093 389 4151 τῷ
413 4084 559 4151 Αὐγούστῳ
583 4081 655 4149 άγών
673 4101 699 4131 τε
718 4079 787 4145 ἱερὸς
804 4079 832 4130 ἐν
849 4077 907 4145 Νέᾳ

293 4171 365 4222 πόλει
384 4178 415 4236 τῇ
432 4167 601 4234 Καμπανίδι,
619 4166 689 4232 λόγῳ
700 4163 749 4230 μὲν
761 4165 800 4215 ὅτι
813 4183 906 4216 κακω-

294 4256 386 4307 θεῖσαν
409 4251 491 4320 αὐτὴν
514 4251 559 4304 καὶ
583 4249 635 4302 ὑπὸ
659 4256 768 4314 σεισμοῦ
791 4249 837 4300 καὶ
855 4249 906 4301 ὑπὸ

293 4342 377 4406 πυρὸς
401 4337 525 4406 ἀνέλαβε,
548 4336 576 4388 τὸ
600 4335 623 4388 δ’
643 4333 741 4402 άληδές
763 4333 853 4402 ἐπειδὴ
877 4334 907 4386 τὰ

295 4433 348 4478 τῶν
362 4424 496 4492 Ἑλλήνων
506 4424 583 4490 μόνοι
597 4428 650 4473 τῶν
662 4420 833 4488 προσχώρων
847 4421 906 4486 τρό-

293 4531 343 4563 πον
369 4510 424 4562 τινὰ
448 4509 567 4576 ἐζήλουν,
589 4507 741 4575 ἐφηφίσδη.
774 4510 907 4560 StraboV

295 4616 318 4663 p.
337 4599 399 4648 816ι
417 4593 486 4648 Νυνὶ
504 4592 533 4645 δέ
549 4591 734 4660 πεντετηρικδς
753 4591 822 4658 ἱερὸς
834 4589 907 4657 ἀγὼν

294 4681 449 4733 συντελεῖται
472 4677 533 4744 παρ’
559 4676 647 4734 αὐτοῖς
670 4677 799 4743 μουσικός
817 4695 843 4727 τε
860 4674 906 4727 καὶ

294 4763 420 4834 γυμνικὸς
447 4762 488 4814 ἐπὶ
514 4761 619 4818 πλείους
646 4759 746 4828 ἡμέρας
771 4759 906 4826 ἐνάμιλλος

294 4860 346 4910 τοῖς
359 4847 572 4919 ἐπιφανεστάτοις
587 4854 640 4898 τῶν
654 4845 721 4899 κατὰ
732 4844 905 4913 τὴνἙλλάδα.

968 863 1004 911 cit
1022 888 1055 895 -
1073 869 1098 910 et
1121 864 1327 926 quinquennale
1347 869 1483 913 certamen
1500 877 1583 926 pyrn-

967 949 1060 996 nicam
1070 949 1386 998 bonorianoinatltntnnl
1391 950 1583 1012 perspectauit.

967 1032 1015 1081 Dio
1046 1031 1092 1096 56,
1124 1031 1170 1094 89,
1206 1031 1229 1082 8.
1262 1031 1378 1082 Velleius
1404 1032 1424 1080 ll
1455 1030 1505 1080 183
1537 1030 1582 1093 (cf.

967 1116 1068 1166 Kaibel.
1092 1117 1107 1165 l.
1127 1118 1143 1166 l.
1168 1132 1191 1179 p.
1214 1114 1271 1166 196.
1296 1115 1323 1165 G.
1342 1117 1361 1166 1.
1380 1115 1407 1164 L.
1431 1116 1454 1164 X
1478 1131 1501 1178 p.
1525 1115 1582 1165 171.

968 1201 1070 1250 Beloch.
1102 1200 1264 1265 Gnmpanien
1296 1216 1319 1263 p.
1346 1199 1386 1248 58.
1417 1198 1447 1248 G.
1474 1199 1581 1264 Lafaye.

967 1285 983 1332 l.
1002 1286 1019 1334 l.
1038 1300 1061 1348 p.
1079 1283 1198 1347 19-55).
1225 1284 1330 1335 Glaudii
1346 1285 1581 1335 cornmorationem

966 1367 1169 1432 Neapolitanam
1192 1370 1279 1434 tangit
1295 1370 1343 1419 Dio
1360 1367 1409 1433 60,
1426 1367 1455 1432 6,
1472 1367 1502 1419 1;
1526 1364 1582 1417 ἐπεὶ

966 1450 994 1502 ἐν
1024 1470 1053 1518 γε
1085 1458 1116 1518 τῇ
1147 1449 1205 1518 Νέᾳ
1235 1449 1309 1502 πόλει
1341 1448 1388 1502 καὶ
1418 1449 1582 1502 παντάπασιν

966 1535 1110 1593 ἰδιωτικῶς
1124 1535 1170 1603 ’ἔζη
1187 1553 1192 1564 ·
1208 1534 1239 1587 τά
1251 1555 1278 1587 τε
1290 1533 1340 1603 γὰρ
1353 1534 1418 1587 ἄλλα
1435 1534 1582 1602 ἑλληνικῶς

966 1619 1012 1673 καὶ
1040 1620 1119 1679 αὐτὸς
1142 1620 1189 1673 καὶ
1212 1621 1240 1672 οἱ
1263 1620 1383 1677 συνόντες
1409 1620 1437 1671 οἱ
1460 1620 1582 1687 διῃτᾶτο,

966 1704 1012 1758 καὶ
1035 1705 1063 1757 ἐν
1085 1704 1134 1772 μὲν
1157 1713 1212 1764 ταῖς
1235 1712 1280 1772 τῆς
1303 1711 1436 1771 μουσικῆς
1453 1704 1582 1770 θεωρίαις

966 1788 1068 1854 ἱμάτιον
1076 1789 1123 1842 καὶ
1132 1790 1279 1857 κρηπῖδας,
1294 1788 1322 1840 ἐν
1329 1787 1358 1841 δέ
1366 1787 1400 1856 δὴ
1410 1795 1448 1855 τῷ
1457 1797 1580 1856 γυμνικῷ

965 1874 1047 1942 ἀγῶνι
1069 1874 1224 1942 πορφυρίδα
1247 1873 1294 1930 καὶ
1315 1872 1444 1941 στέφανον
1461 1881 1581 1940 χρυσοῦν

964 1959 1102 2027 ἐλάμβανε.

998 2048 1074 2098 Anno
1092 2046 1183 2112 795118
1200 2049 1217 2098 1.
1231 2062 1254 2098 e.
1273 2048 1413 2097 undecima
1425 2047 1518 2096 ltalide
1531 2045 1581 2108 (ita

965 2136 1036 2185 euim
1055 2135 1104 2183 boc
1121 2132 1338 2197 quinquennium
1357 2132 1521 2194 appellatum
1539 2137 1581 2180 est

965 2219 1009 2281 (cf.
1019 2220 1112 2269 Kaibel
1121 2235 1146 2267 n.
1157 2216 1217 2280 718)
1227 2217 1369 2267 Claudium
1379 2217 1489 2280 Neapoli
1499 2217 1581 2266 luisse

964 2310 1066 2355 certum
1090 2310 1143 2366 est,
1167 2319 1229 2353 nam
1253 2304 1301 2352 Dio
1320 2305 1355 2352 l.l.
1374 2303 1423 2351 boc
1440 2308 1581 2352 enumerat

964 2393 1034 2440 iuter
1064 2405 1096 2440 ea
1127 2404 1195 2454 quae
1221 2388 1348 2438 Claudius
1374 2388 1449 2437 initio
1476 2388 1581 2450 imperii

964 2477 1040 2539 iecit,
1057 2480 1085 2525 et
1101 2475 1210 2538 quidem
1225 2483 1340 2522 exeunte
1354 2487 1445 2522 mense
1458 2471 1528 2521 lulio
1538 2475 1580 2521 vel

963 2562 1074 2609 ineunte
1100 2573 1191 2608 mense
1217 2558 1351 2621 Augusto,
1382 2571 1436 2620 quo
1461 2561 1580 2619 tempore

963 2649 1098 2694 certamen
1125 2644 1253 2693 edebatur
1279 2643 1323 2704 (ci.
1350 2641 1422 2691 Suet.
1447 2642 1513 2703 Aug.
1538 2640 1579 2691 98.

964 2731 1011 2779 Dio
1029 2728 1074 2792 56,
1092 2727 1137 2792 89,
1156 2728 1179 2778 8.
1197 2728 1313 2777 Velleius
1331 2728 1354 2776 ll
1372 2725 1441 2788 183).

996 2815 1140 2864 coronavit.
1173 2815 1223 2862 lroc
1251 2817 1281 2861 ut
1306 2807 1475 2876 ἀγωνοθέτης
1502 2811 1579 2874 iecit,

963 2916 1016 2964 quo
1034 2914 1145 2948 munere
1163 2898 1304 2948 Claudium
1318 2893 1362 2959 (ut
1374 2896 1579 2960 postea'l'itum,

963 2986 995 3034 cl.
1014 2983 1040 3034 G.
1060 2985 1078 3033 l.
1096 2985 1124 3033 L.
1141 2984 1165 3032 X
1182 2981 1261 3044 1181)
1282 2984 1406 3032 iunctum
1424 2997 1480 3031 esse
1498 2981 1579 3030 verba

963 3084 1070 3133 quoque
1088 3068 1178 3118 Diouis
1195 3065 1252 3130 (oc,
1274 3066 1304 3130 6,
1326 3065 1354 3129 1)
1372 3067 1479 3117 docent:
1502 3062 1531 3115 ἐν
1549 3062 1579 3115 δὲ

963 3158 1000 3216 τῷ
1024 3157 1146 3217 γυμνικῷ
1169 3149 1251 3216 ἀγῶνι
1275 3149 1430 3215 πορφυρίδα
1448 3147 1494 3200 καὶ
1510 3168 1578 3216 χρυ-

963 3243 1027 3287 σοῦν
1045 3234 1174 3302 στέφανον
1185 3233 1331 3302 ἐλάμβανε,
1349 3238 1444 3287 utiam
1457 3237 1579 3286 Valesius

962 3328 1033 3373 recte
1050 3323 1250 3386 animadvertit,
1271 3324 1303 3371 ci.
1321 3321 1418 3372 Sturzii
1435 3327 1527 3371 notam
1545 3323 1577 3371 ad

963 3408 1073 3457 Dionem
1091 3408 1107 3456 l.
1126 3407 1142 3457 l.

995 3492 1295 3541 Marcum-Antoniana
1313 3505 1478 3554 quamquam
1500 3491 1523 3541 is
1537 3492 1578 3541 bis

963 3578 1046 3627 bostis
1063 3578 1162 3640 patriae
1181 3577 1313 3626 iudicatus
1326 3577 1507 3639 memoriaque
1520 3577 1578 3625 eius

962 3663 1087 3711 damnata
1110 3666 1181 3720 erat,
1205 3662 1239 3710 ci.
1262 3661 1309 3710 Dio
1327 3660 1375 3724 51,
1398 3658 1446 3721 19,
1463 3659 1486 3709 3.
1506 3661 1576 3710 Plut.

962 3747 1013 3796 Cic.
1032 3745 1072 3795 19.
1090 3746 1151 3795 Ant.
1169 3744 1208 3794 86.
1227 3745 1321 3795 Strabo
1338 3745 1396 3794 XlV
1414 3760 1438 3808 p.
1455 3744 1515 3794 685.

994 3833 1029 3882 At
1044 3836 1134 3895 postea
1144 3831 1276 3880 restitutio
1287 3831 1428 3879 memoriae
1438 3831 1496 3880 eius
1505 3830 1577 3880 facta

961 3922 1014 3979 cst,
1033 3933 1095 3966 nam
1114 3931 1210 3966 nomen
1229 3916 1286 3964 eius
1302 3917 1331 3964 in
1343 3916 1434 3977 iastlS,
1451 3916 1577 3979 equibus

962 4010 1040 4051 autea
1071 4016 1176 4050 erasum
1199 4005 1257 4048 erat
1282 4000 1309 4048 in
1328 4000 1409 4048 litura
1427 4000 1514 4048 denuo
1533 4000 1575 4049 in-

961 4089 1095 4149 sculptum
1121 4091 1162 4134 est
1187 4083 1226 4145 (G.
1244 4085 1263 4132 l.
1280 4085 1307 4133 L.
1334 4082 1359 4132 1²
1384 4100 1407 4146 p.
1426 4082 1467 4134 88.
1485 4083 1530 4146 61)
1548 4090 1576 4133 et

961 4172 1068 4234 quidem
1086 4175 1148 4218 ante
1162 4184 1263 4218 annum
1277 4165 1369 4230 773186
1383 4176 1413 4217 ut
1429 4169 1487 4217 Tac.
1506 4169 1574 4218 Ann.

962 4255 998 4303 lll
1010 4254 1042 4303 18
1055 4255 1138 4303 docet.
1156 4252 1210 4313 (Sic
1228 4254 1309 4301 etiam
1319 4251 1346 4302 G.
1358 4253 1375 4301 l.
1387 4251 1534 4302 1,.711361
1544 4269 1575 4297 =

962 4341 1032 4389 bers.
1057 4356 1082 4389 n.
1105 4338 1155 4388 913
1181 4339 1307 4401 legimus:
1333 4338 1361 4396 Q.
1381 4337 1527 4387 Caerelliae
1547 4338 1575 4396 Q.

963 4426 981 4487 f.
1002 4426 1061 4483 Qui.
1072 4452 1104 4459 -
1115 4426 1163 4486 leq.
1186 4424 1223 4472 Τι’.
1244 4423 1368 4472 Caesaris
1386 4422 1456 4482 Αυρ.
1471 4437 1574 4485 procos.

961 4527 994 4560 eu:
1027 4516 1186 4559 testamento
1212 4509 1240 4566 Q.
1266 4507 1395 4557 Caerellia
1419 4507 1455 4556 M.
1474 4507 1494 4569 f.
1514 4507 1574 4565 Qui.

959 4597 1035 4658 potat
1052 4622 1085 4628 -
1103 4596 1150 4656 leq.
1173 4595 1208 4642 Μ.
1230 4593 1334 4642 Antoni
1352 4589 1474 4654 proruo).
1493 4591 1575 4640 Gaius

961 4682 1041 4730 etiam
1065 4680 1151 4728 vetuit
1175 4694 1208 4727 ne
1225 4679 1353 4727 consules
1370 4677 1447 4726 ludos
1464 4677 1575 4725 ederent

961 4766 993 4815 ob
1011 4765 1146 4814 victoriam
1165 4764 1197 4813 ab
1214 4763 1335 4826 Augusto
1354 4762 1385 4810 de
1404 4761 1518 4810 Antonio
1532 4776 1574 4809 re-

961 4855 1105 4912 portatam,
1123 4849 1155 4898 ci.
1173 4849 1220 4898 Dio
1233 4846 1273 4910 59,
1285 4846 1326 4910 80,
1339 4846 1362 4896 8.
1375 4845 1447 4896 Suet.
1461 4845 1517 4895 Gai.
1531 4843 1574 4894 83.
