3322 5512
181 589 187 602 .
280 528 423 604 tutelam
457 540 631 626 receptam
666 531 769 604 alieni
798 532 931 604 arbitrii
958 542 992 606 ct
1017 536 1082 606 sub
1109 535 1314 630 paedagogo
1340 528 1421 631 fnit,
1457 555 1560 632 quem

279 657 466 730 barbarum
499 666 534 730 et
567 656 648 729 olim
682 656 1032 752 superiumentarium
1067 684 1110 732 ex
1136 659 1307 733 industria
1332 661 1397 734 sibi
1424 663 1560 758 apposi-

279 791 370 874 tum,
404 790 442 854 ut
476 805 514 855 se
546 782 811 877 quibuscunque
845 782 888 855 de
923 784 1040 856 causis
1065 807 1169 878 quam
1197 784 1401 858 saevissime
1427 809 1560 860 coerce-

279 903 1561 1002 rammmmfflwmmmeMmmfflwmu

279 1032 394 1105 dinem
421 1041 455 1105 ct
480 1031 686 1126 gladiatorio
712 1055 864 1125 munere,
890 1032 982 1126 quod
1009 1033 1110 1105 simul
1139 1057 1216 1106 cum
1242 1037 1349 1108 fratre
1374 1036 1561 1110 memoriae

281 1157 391 1253 patris
416 1156 557 1248 edebat,
583 1155 784 1251 palliolatus
810 1179 899 1228 novo
925 1179 1019 1229 more
1046 1158 1239 1252 praesedit,
1266 1168 1301 1232 et
1326 1168 1428 1253 togae
1450 1160 1562 1233 virilis

279 1283 336 1357 die
372 1283 463 1356 circa
488 1281 638 1355 mediam
664 1290 799 1355 nectem
826 1280 901 1354 sine
927 1282 1085 1355 sollemni
1113 1282 1221 1355 officio
1248 1284 1371 1357 lectica
1396 1285 1430 1357 in
1457 1284 1561 1382 Capi-

279 1408 400 1481 tolium
425 1408 519 1479 latus
545 1415 605 1479 est.

318 1603 378 1661 Dio
402 1606 457 1675 55,
482 1605 537 1676 25,
561 1605 589 1661 3.
632 1602 683 1664 nal
707 1602 906 1682 ,aarapaziae
929 1603 1046 1678 ἀγῶνες
1070 1603 1121 1666 ἐπὶ
1146 1605 1186 1682 τῷ
1213 1605 1332 1684 Δρούσῳ
1358 1606 1430 1684 πρός
1454 1613 1562 1670 τετοῦ

280 1715 464 1789 Perpenna&
497 1715 548 1773 τοῦ
581 1709 732 1788 Καίσαρος
766 1710 818 1772 nai
851 1709 922 1788 πρὸς

280 1816 359 1880 υἱέων
383 1818 490 1889 αὐτοῦ,
515 1815 664 1891 ἐγένοντο.

312 2059 373 2116 post
391 2053 503 2101 intelam
520 2058 666 2114 receptans.
684 2052 701 2099 i.
717 2066 739 2100 e.
753 2057 893 2114 postquam

280 2140 366 2188 tutela
386 2142 524 2200 exemptus
541 2142 595 2197 est,
620 2137 652 2185 cf.
671 2135 724 2185 Cic.
743 2137 774 2185 de
792 2134 864 2185 Orat.
883 2137 893 2184 l

280 2223 326 2288 39,
344 2223 406 2273 1801
424 2229 463 2286 el,
481 2228 628 2284 antequam
650 2223 678 2270 in
690 2235 769 2269 sarain.
783 2222 894 2270 cantelam

280 2311 397 2371 veniret,
422 2315 544 2358 niortuas
567 2313 641 2356 esset.
668 2305 754 2368 Nepos
772 2305 848 2354 Eum.
866 2304 894 2367 9,

280 2393 308 2443 a:
335 2394 424 2456 qrraad
448 2393 528 2441 liberi
554 2394 612 2440 eins
636 2393 761 2440 insuam
782 2393 892 2439 tirtelanr

280 2479 471 2541 peruenissent.

314 2563 398 2612 alieni
422 2563 478 2610 arb.
505 2567 530 2627 el
555 2561 605 2610 sab
627 2560 743 2622 paedaq.
770 2561 786 2608 i.
805 2575 826 2608 e.
846 2559 895 2608 sub

281 2652 401 2697 curatore
413 2646 478 2707 fuit,
492 2645 524 2695 el.
538 2645 600 2694 Inst.
611 2643 679 2708 193,
692 2644 762 2694 dsed
772 2652 797 2694 et
806 2652 896 2694 oriente

281 2733 367 2794 captis
376 2757 408 2764 —
418 2737 442 2780 el
454 2731 501 2793 qai
515 2731 608 2779 niorbo
617 2736 747 2792 perperna
758 2730 894 2789 laborant,

282 2817 349 2878 quia
371 2817 451 2865 rebus
468 2817 524 2864 sais
542 2830 681 2878 cooperasse
698 2829 752 2864 non
768 2821 894 2877 passiani,

281 2908 418 2951 curatores
432 2901 517 2949 dandi
528 2906 598 2949 saint.
616 2899 674 2962 mg.
688 2899 723 2947 lll
736 2897 765 2959 1,
778 2898 800 2947 5.
811 2897 894 2959 XLIl,

282 2986 311 3048 5,
337 2984 383 3048 19,
407 2985 436 3048 1;
463 3000 628 3048 quamquam
655 2985 720 3032 baec
746 2983 825 3032 verba
851 2997 895 3045 per

224 3111 226 3115 ,
284 3069 395 3134 liguram
417 3067 444 3118 ἓν
462 3065 505 3118 διὰ
523 3067 597 3118 δυοῖν
614 3069 685 3117 dicta
702 3083 759 3117 esse
777 3072 894 3130 possunt.

318 3154 473 3204 barbaram.
497 3154 513 3204 i.
533 3170 554 3204 e.
574 3170 661 3218 neque
679 3152 793 3202 Graecae
808 3167 894 3216 neque

282 3239 391 3288 Latinae
409 3239 524 3302 originis.
543 3238 690 3302 Paedagogi
709 3239 787 3301 uulgo
803 3235 894 3286 Graeci

283 3328 372 3386 erant,
391 3339 595 3387 nonnumquam
609 3330 698 3373 taiiren
714 3324 893 3386 paedagogum

282 3424 334 3458 non
353 3407 483 3456 Graecum
501 3409 661 3472 invenimus,
680 3409 711 3458 cf⁴
731 3406 894 3470 0111119879,

283 3492 310 3543 C.
329 3494 347 3542 l.
367 3495 392 3542 li.
411 3491 534 3545 1116317.

315 3579 604 3641 superiumentarium.
642 3578 658 3626 i.
686 3592 707 3625 e.
738 3578 786 3640 qui
812 3592 896 3639 snpra

284 3666 406 3713 innianla
426 3661 469 3726 (ut
488 3668 528 3711 est
545 3662 572 3711 C.
588 3663 609 3710 l.
628 3663 655 3711 L.
675 3660 708 3709 Vl
727 3660 800 3710 7987.
818 3660 896 3723 anso)

283 3750 379 3798 fuerat.
397 3748 451 3798 Vox
470 3747 531 3798 alibi
549 3762 602 3796 non
619 3747 761 3796 invenitur.

316 3833 479 3895 pladialorio
519 3845 638 3881 manere.
691 3831 808 3880 Dubium
843 3839 896 3888 est,

284 3921 375 3967 utrum
409 3917 457 3966 boc
475 3930 587 3979 rannuS,
605 3916 698 3964 datum
718 3930 740 3964 a.
760 3913 834 3978 reale
854 3913 896 3976 (cf.

284 4002 331 4050 Dio
349 4003 365 4050 l.
384 3999 425 4064 l.),
447 4001 529 4050 fuerit
545 4001 617 4049 inter
634 4000 752 4063 quinque
772 4014 896 4061 munera,

284 4102 352 4151 quae
363 4086 409 4136 ulii
418 4092 558 4149 nepotesve
569 4086 676 4134 nomine
683 4085 797 4148 Augusti
807 4085 896 4134 edide-

284 4172 338 4220 rint
355 4186 388 4220 an
408 4186 460 4220 non
478 4170 579 4219 fuerint
593 4171 625 4219 cf.
639 4169 785 4219 Mommsen
800 4170 858 4218 Res
873 4185 896 4232 g.

284 4257 308 4305 d.
332 4254 411 4319 Aug.²
435 4273 457 4319 p.
481 4255 522 4304 99.
546 4256 639 4319 Neque
662 4256 694 4304 ad
719 4255 790 4303 hunc
810 4257 897 4303 locum

284 4340 431 4389 adscribere
449 4354 530 4389 ansus
547 4355 606 4389 sum
625 4340 691 4388 Plin.
711 4340 740 4389 H.
754 4340 785 4388 N.
803 4339 832 4402 9,
851 4338 897 4400 ab,

284 4423 329 4474 aa:
340 4425 502 4474 Germanico
510 4424 623 4473 Caesare
629 4425 818 4487 aladiatorium
824 4439 897 4485 spec-

285 4510 405 4558 locabant
431 4511 537 4573 edente,
569 4508 598 4572 8,
624 4509 654 4572 9,
681 4509 710 4558 A:
739 4510 898 4558 Germanici

286 4582 410 4644 Caesaris
427 4609 541 4644 ruanere
557 4595 737 4656 pladialaria;
764 4595 811 4657 qui
835 4596 896 4655 loci,

284 4694 450 4742 quamquam
468 4678 615 4728 Mommsen
634 4680 650 4728 l.
669 4681 686 4727 l.
704 4693 748 4727 eos
765 4693 826 4726 eum
842 4679 897 4727 loco

285 4764 460 4826 suprascripto
484 4764 573 4812 Dionis
591 4764 740 4825 coniunxit,
766 4764 897 4826 pertinere

285 4853 395 4909 possunt
427 4848 459 4896 ad
492 4863 591 4896 munus
621 4850 691 4911 quod
724 4846 898 4897 Germanicus

954 1709 1094 1788 Τιβερίου
1126 1710 1278 1774 1111113111
1314 1711 1464 1790 Νέρωνος,
1503 1714 1561 1776 τῶν

948 2065 1009 2100 eum
1028 2051 1112 2099 Druso
1130 2051 1226 2100 Tiberii
1245 2050 1298 2101 filio
1309 2053 1399 2115 edidit,
1417 2053 1449 2102 de
1463 2067 1516 2116 quo
1529 2053 1563 2102 cf.

948 2136 1066 2185 Menum.
1091 2136 1188 2199 Aneyr.
1211 2152 1231 2186 e.
1250 2135 1282 2185 99
1300 2143 1327 2187 et
1345 2136 1418 2188 Suet.
1438 2139 1504 2200 Aug.
1522 2135 1563 2186 43.

949 2219 1073 2270 Ceterum
1092 2220 1279 2271 Friedlaender
1297 2224 1365 2286 apud
1385 2223 1468 2286 Marq.
1488 2223 1519 2273 St
1533 2223 1562 2272 V.

950 2304 996 2354 111²
1026 2321 1049 2367 p.
1080 2304 1128 2354 554
1156 2304 1185 2354 A.
1211 2306 1226 2352 5
1251 2307 1300 2355 hoc
1328 2299 1426 2356 munus
1454 2323 1470 2356 a
1497 2305 1563 2355 Ger-

950 2391 1052 2440 manico
1078 2396 1104 2439 et
1122 2390 1232 2440 Claudio
1252 2393 1343 2441 datum
1363 2392 1484 2441 confudit
1502 2406 1562 2440 curn

950 2477 1014 2539 alio,
1041 2491 1056 2524 a
1082 2476 1185 2525 Tiberio
1211 2477 1239 2525 in
1267 2477 1393 2525 honorem
1418 2477 1460 2525 ari
1485 2476 1564 2525 Drusi

950 2562 1011 2610 dato
1029 2561 1073 2621 (cf.
1093 2560 1165 2610 Suet.
1184 2561 1240 2610 Tib.
1260 2559 1294 2623 7).

981 2646 1146 2708 palliolatas.
1171 2645 1187 2693 i.
1204 2660 1225 2693 e.
1254 2645 1359 2707 palliolo
1385 2649 1486 2708 tectus,
1511 2660 1563 2708 quo

950 2735 1029 2792 capnt
1064 2729 1190 2792 tegebant
1223 2730 1255 2791 ii,
1291 2729 1337 2792 qui
1372 2729 1461 2778 minus
1495 2729 1564 2778 bona

950 2815 1101 2863 valetudine
1131 2814 1289 2875 utebantur,
1317 2815 1347 2862 cf.
1376 2813 1466 2872 Quint.
1495 2813 1514 2862 I.
1533 2812 1562 2863 Ο.

949 2900 996 2963 XI,
1023 2898 1052 2962 3,
1079 2899 1140 2948 led:
1168 2899 1331 2961 Palliolum,
1355 2901 1425 2948 sicut
1450 2899 1564 2961 fascias,

949 2985 1048 3046 quibus
1070 3000 1153 3033 arura
1176 2986 1343 3047 vestiantur,
1367 2991 1392 3033 el
1415 2985 1516 3046 focalia
1539 2991 1565 3034 el

948 3069 1061 3117 ararium.
1086 3070 1235 3131 lipaineara
1258 3070 1315 3119 sola
1333 3083 1460 3118 earrmare
1475 3075 1565 3132 potest

949 3155 1080 3203 valetudo.
1099 3154 1130 3203 ei.
1148 3152 1223 3203 Ovid.
1242 3154 1270 3203 A.
1290 3154 1318 3203 A.
1338 3154 1362 3216 l,
1381 3152 1444 3217 733,
1460 3153 1520 3203 Sen.
1535 3153 1564 3212 Q.

950 3238 981 3286 N.
1000 3237 1045 3299 lll,
1064 3237 1110 3299 13,
1129 3237 1168 3287 10.

982 3336 1049 3371 nono
1057 3337 1140 3372 artare.
1155 3324 1226 3372 nudo
1236 3323 1308 3372 enim
1318 3324 1403 3386 capite
1414 3325 1565 3386 spectacula

949 3407 1033 3455 visere
1043 3407 1171 3456 solebant.
1195 3406 1250 3456 Sub
1260 3405 1324 3456 Gaio
1334 3406 1445 3455 Caesare
1455 3408 1564 3456 demum

949 3492 976 3539 in
995 3492 1100 3539 theatro
1118 3497 1209 3540 eontra
1226 3493 1288 3540 solis
1300 3492 1421 3540 ardorem
1432 3496 1564 3553 spectato-

951 3590 991 3624 res
1005 3575 1078 3637 pileis
1090 3576 1247 3625 Thessalicis
1262 3577 1301 3625 nsi
1315 3582 1386 3639 sunt,
1396 3576 1483 3625 es.Dio
1491 3575 1531 3640 59,
1542 3576 1564 3626 7.

984 3668 1059 3723 lupae
1089 3662 1179 3710 virilis
1212 3662 1263 3710 die.
1296 3677 1377 3724 quam
1406 3661 1498 3724 quovis
1523 3662 1565 3711 die

950 3760 1084 3795 assumere
1109 3752 1232 3808 poterant
1249 3745 1293 3807 (ef.
1313 3749 1433 3809 exempla
1451 3749 1564 3796 collecta

950 3832 1020 3893 apud
1044 3831 1126 3894 Marq.
1151 3830 1179 3879 V.
1205 3832 1271 3879 Priv.
1296 3828 1318 3879 1²
1343 3847 1384 3895 pg.
1407 3829 1456 3879 191
1476 3832 1504 3880 Α.
1523 3831 1565 3894 9),

951 3917 1029 3978 vulgo
1047 3920 1137 3964 tamen
1159 3930 1182 3964 a.
1201 3917 1223 3964 d.
1242 3916 1301 3964 Xlll
1319 3917 1375 3965 Kal.
1394 3916 1455 3978 Apr.
1474 3931 1564 3964 sume-

950 4000 1028 4063 bant,
1053 4015 1105 4063 qno
1130 4000 1171 4048 die
1196 4001 1326 4050 Liberalia
1349 3999 1565 4063 celebrabantur,

951 4086 982 4135 cr.
1001 4084 1074 4134 oua
1093 4085 1163 4135 rasa
1182 4086 1218 4134 ur
1238 4085 1283 4134 111
1304 4101 1361 4149 sqq.
1461 4068 1465 4076 '

984 4172 1043 4218 sine
1060 4170 1184 4220 sollemni
1202 4169 1301 4232 officia.
1326 4169 1424 4219 Alfiues
1441 4174 1469 4218 et
1489 4169 1566 4218 amici

951 4269 1028 4317 enm,
1047 4255 1092 4317 qni
1105 4261 1194 4317 togam
1208 4255 1310 4303 virilem
1324 4260 1482 4316 sumpturus
1495 4258 1566 4316 erat,

951 4340 979 4387 in
992 4340 1080 4388 forum
1093 4345 1120 4388 et
1132 4338 1292 4402 Capitolium
1303 4340 1423 4388 comitari
1433 4339 1566 4400 solebant,

952 4424 1022 4486 (pared
1040 4422 1156 4472 alliciam
1175 4428 1251 4486 togae
1269 4423 1351 4472 virilis
1363 4423 1513 4484 vectabatur,
1532 4424 1565 4471 ei.

953 4508 1019 4556 Plin.
1046 4509 1090 4571 Ep.
1117 4507 1146 4571 1,
1172 4506 1202 4571 9,
1220 4508 1249 4558 9;
1276 4509 1363 4558 Hodie
1382 4510 1449 4571 ‹paiid
1468 4509 1567 4570 epistt?

954 4592 1050 4655 (fficio
1069 4599 1146 4654 rapae
1162 4593 1252 4641 virilis
1271 4592 1394 4653 interfui.

986 4678 1085 4726 lectica.
1105 4692 1158 4740 qua
1172 4678 1270 4727 Romae
1284 4678 1399 4726 seniores
1412 4677 1565 4740 praesertim

952 4767 979 4810 et
996 4762 1087 4811 morbo
1104 4763 1192 4812 allecti
1212 4762 1365 4810 utebantur.

986 4848 1015 4895 in
1034 4846 1206 4909 Capitolinas.
1231 4847 1263 4894 ci.
1282 4845 1352 4895 Serv.
1372 4847 1404 4894 ad
1423 4846 1498 4908 Verg.
1514 4845 1567 4894 licl.
