3322 5512
92 509 130 585 C.
160 513 213 583 10.

925 329 963 385 54

355 511 438 583 XII.
489 509 539 584 At
575 511 610 583 in
650 521 761 585 semet
798 512 960 607 augendo
999 537 1128 608 parcus
1166 523 1271 608 atque
1309 514 1439 606 civilis,
1486 538 1586 610 prae-

305 636 441 710 nomine
491 635 718 733 Imperatoris
767 636 952 729 abstinuit,
1017 637 1143 711 nimios
1193 637 1342 712 honores
1391 639 1586 731 recusavit,

345 815 405 874 Dio
428 818 483 890 60,
506 817 542 889 3,
565 818 594 874 2.
636 815 677 878 τά
708 816 764 892 μὲν
796 812 998 895 ψηφισθέντα
1028 816 1052 879 οἱ
1075 813 1168 887 εὐθὺς
1193 817 1316 890 πάντα,
1350 820 1432 891 πλην
1457 825 1511 891 τῆς
1535 823 1587 882 τοῦ

306 922 419 1001 πατρὸς
442 922 632 998 ἐπωνυμίας,
658 921 802 1005 ἐδέξατο,
827 921 941 996 ταύτην
966 923 1027 1003 γάρ
1051 923 1135 1000 μετά
1158 930 1261 988 ταῦτα
1287 923 1467 1004 προσέθετο.

345 1030 405 1088 Dio
435 1033 490 1104 60,
522 1033 557 1091 5.
588 1032 690 1107 3sqq.
712 1057 752 1080 =
776 1031 847 1089 Zaa.
870 1030 960 1089 XI&
976 1050 1008 1106 p.
1031 1032 1103 1089 462.
1146 1028 1220 1094 οὕτω
1245 1030 1276 1094 δὲ
1302 1031 1336 1105 δη
1362 1031 1430 1101 τοὺς
1448 1031 1587 1112 πατέρας

304 1136 519 1213 ἀποσεμνάνας
541 1135 631 1206 αὐτὸς
655 1136 737 1199 οὐδέν
762 1135 818 1219 ἔξω
842 1136 899 1200 τῶν
925 1136 1078 1213 ίνομάτων
1103 1138 1160 1200 τῶν
1185 1138 1216 1208 ἐς
1240 1139 1293 1211 την
1318 1139 1420 1218 ἀρχὴν
1436 1137 1586 1219 φέροντων

303 1241 439 1325 ἐδέξατο.
464 1282 507 1291 -
532 1240 561 1305 ἔν
585 1266 619 1306 τε
643 1237 690 1306 οὖν
714 1243 829 1313 τούτοις
853 1243 1014 1326 ἐμετρίαζε
1038 1243 1089 1306 καί
1107 1244 1378 1324 προσαπηγίρευσε
1396 1247 1476 1322 μήτε
1494 1269 1586 1324 προσ-

304 1355 399 1412 κυνεῖν
431 1373 498 1413 τινα
531 1350 621 1413 αὐτὸν
654 1352 733 1426 μήτε
758 1348 868 1413 θυσίαν
894 1350 918 1413 οἱ
941 1350 1096 1426 μηδεμίαν
1122 1358 1224 1416 ποιεῖν.
1258 1350 1299 1415 τά
1323 1375 1357 1415 τε
1383 1352 1586 1429 ε’πιβονίματα

304 1454 345 1519 τά
370 1455 476 1519 πολλά
499 1456 551 1520 καί
574 1455 730 1536 ὑπέρογκα
756 1455 872 1520 ἔπαυσε
894 1480 900 1493 ·
922 1458 973 1520 καί
997 1457 1095 1521 statua
1119 1457 1192 1534 μίαν
1217 1460 1269 1521 καὶ
1293 1460 1407 1532 ταύτην
1432 1460 1586 1539 ἀργυράν,

304 1560 485 1642 ἀνδριάντας
519 1588 552 1628 τε
585 1564 634 1628 διίο
666 1569 790 1644 χαλκοῦ
814 1587 847 1627 τε
872 1563 923 1627 καί
947 1562 1037 1628 λίθου
1060 1562 1282 1645 ψηφισθέντας
1306 1567 1388 1646 αὐτῷ
1412 1565 1454 1629 τά
1479 1567 1584 1646 πρῶτα

304 1667 413 1747 ἔλαβε.
444 1674 567 1748 μάταια
599 1670 660 1750 γάρ
695 1670 801 1735 πάντα
833 1670 874 1735 τά
897 1677 1025 1735 τοιαῦτα
1048 1671 1245 1748 ἀναλώματα
1270 1666 1362 1746 εἶναι,
1387 1673 1438 1736 καί
1464 1672 1586 1753 προσέτι

305 1779 424 1852 πολλην
448 1778 504 1855 μέν
528 1778 642 1862 ζημίαν
667 1778 762 1842 πολὺν
787 1778 819 1842 δέ
843 1777 895 1841 καί
918 1776 1013 1858 ὄχλον
1037 1786 1074 1859 τῇ
1099 1802 1137 1855 γε
1154 1779 1241 1842 πόλει
1259 1778 1407 1859 παρέχειν
1428 1777 1529 1856 έλεγε.
1543 1820 1587 1828 -

304 1892 364 1958 τοῖς
398 1910 432 1950 τε
467 1893 651 1965 στρατηγοῖς
685 1886 752 1958 τοὺς
786 1887 912 1962 ἀγῶνας
947 1886 1015 1956 τοὺς
1051 1886 1286 1966 ὁπλομαχικοὺς
1317 1887 1510 1967 ἀπηγόρευσε
1542 1889 1585 1964 μη

306 1997 413 2065 ποιεῖν,
438 1992 490 2057 καί
514 1993 539 2057 εί
563 1994 596 2067 δη’
621 2017 665 2065 τις
688 1993 786 2064 ἀλλος
810 1993 918 2064 αὐτοὺς
942 1992 1131 2065 σ’πουδείποτε
1155 1994 1329 2067 ἐπιτελοίη,
1354 1993 1442 2058 ἀλλά
1458 1996 1532 2071 μη’τι
1549 2017 1588 2070 γε

304 2099 341 2170 ὡς
372 2099 424 2163 καί
446 2099 520 2179 ὑπὲρ
545 2107 598 2173 τῆς
622 2101 729 2165 ἑαυτοῦ
753 2099 897 2179 σωτηρίας
921 2098 1108 2175 γιγνομένων
1134 2103 1219 2180 σφῶν
1245 2098 1260 2173 ἢ
1285 2097 1471 2182 γράΦεσθαι
1494 2099 1511 2175 ἢ
1535 2100 1588 2164 καί

306 2204 456 2282 λέγεσθαι
481 2206 631 2271 ἐκέλευσε.

338 2453 385 2503 Dio
403 2451 460 2517 (60,
478 2454 507 2517 t,
526 2454 553 2515 5)
572 2460 692 2517 praetera
708 2453 782 2502 nohis
795 2453 914 2514 tradidit,

305 2543 427 2586 senatum
456 2539 611 2587 memoriam
638 2536 695 2587 Gaii
721 2539 846 2587 damnare
870 2552 915 2586 νο-

305 2622 398 2686 luisse,
423 2621 563 2672 Claudium
587 2628 679 2673 tamen
696 2624 735 2673 illi
752 2625 857 2672 decreto
874 2623 915 2671 in-

305 2709 469 2773 tercessisse,
482 2713 574 2771 sponte
587 2722 636 2757 sua
646 2709 819 2758 nihilominus
828 2708 918 2758 omnia

305 2793 411 2855 fecisse,
444 2809 513 2856 quae
545 2794 742 2842 damnationem
775 2794 918 2841 memoriae

305 2878 431 2939 consequi
467 2879 583 2940 soleant,
613 2883 671 2927 acta
698 2878 768 2926 enirn
796 2878 918 2939 rescissa,

305 2965 460 3024 statuasque
484 2960 541 3010 Gaii
559 2962 677 3011 sublatas
696 2977 761 3012 esse.
782 2961 852 3023 (Gaii
870 2977 917 3010 no-

307 3061 368 3095 men
401 3047 500 3096 maiore
533 3062 564 3096 ex
589 3051 662 3110 parte
685 3049 712 3096 in
737 3048 919 3096 monumentis

307 3145 412 3180 erasum
440 3136 493 3194 est,
520 3137 548 3181 et
573 3137 664 3194 postea
690 3139 798 3181 senatus
823 3146 919 3180 aeneos

306 3230 443 3279 nummos,
469 3216 567 3280 quihus
590 3215 689 3280 effigies
715 3217 772 3266 eius
797 3230 920 3278 expressa

306 3304 376 3363 erat,
400 3302 507 3350 oonssari
525 3301 616 3363 iussit,
640 3302 672 3350 cf.
691 3302 738 3350 Dio
755 3300 801 3363 oo,
819 3300 865 3363 00,
883 3298 918 3360 3).

342 3383 376 3447 [p.
394 3384 437 3448 53]
455 3387 625 3435 diana-necte.
643 3400 665 3434 a.
684 3391 708 3434 d.
726 3385 762 3434 IX
780 3386 832 3435 hal.
844 3385 918 3434 Febr.

342 3468 377 3532 [p.
386 3468 429 3532 53]
442 3471 725 3533 qaamoiaaaordiana
734 3474 839 3532 propter
847 3475 919 3518 ante·

306 3554 401 3604 cedens
409 3555 483 3605 dieat
493 3554 636 3604 Suetonius
646 3555 756 3603 variavit
764 3554 918 3616 orationem,

307 3654 369 3687 narn
387 3638 456 3701 dies,
475 3627 528 3701 quo
547 3653 630 3688 novus
646 3639 766 3701 princeps
778 3639 919 3701 imperium

307 3723 418 3785 accepit,
437 3723 538 3786 proprie
556 3723 653 3772 dicitur
662 3725 718 3772 dies
728 3725 846 3786 imperii.
866 3724 919 3772 Hac

307 3807 379 3856 enirn
397 3806 587 3871 significatione
607 3824 657 3857 voc.
676 3810 820 3858 exordium
839 3809 918 3857 intel-

307 3892 448 3955 legendum
462 3907 527 3954 esse,
537 3907 624 3956 neque
632 3892 789 3942 Suetonium
800 3893 919 3942 consulto

308 3977 433 4026 uocabulo
459 3977 594 4040 amplioris
619 3977 816 4041 significationis
841 3992 918 4025 nsum

307 4063 388 4111 fnisse
415 4063 509 4111 docent
535 4062 626 4111 verha:
655 4063 739 4111 uetuit
765 4064 837 4110 inter
861 4062 920 4110 dies

309 4146 390 4207 festos
415 4146 523 4207 referri.
549 4145 618 4196 Nam
642 4147 696 4196 dies
722 4146 825 4208 imperii
849 4146 920 4193 inter

309 4232 388 4284 festos
401 4233 492 4281 reterri
506 4231 614 4294 solebat,
629 4236 660 4280 ut
672 4232 704 4279 de
717 4229 790 4293 Gaio,
803 4230 919 4293 Nerone,

309 4316 412 4365 Vitellio
436 4321 463 4365 ct
487 4316 636 4365 Domitiano
654 4316 838 4364 demonstrant
855 4315 921 4363 Acta

309 4401 340 4449 ir.
359 4401 417 4449 hrv.
436 4401 468 4450 cf.
488 4401 593 4450 Henaen
611 4401 671 4449 Act.»
686 4400 716 4448 fr.
735 4400 795 4448 Aru.
806 4415 829 4462 p.
838 4397 871 4446 63
881 4414 918 4462 sq.

309 4483 336 4534 G.
357 4485 372 4534 1.
392 4485 418 4533 L.
449 4484 483 4533 Vt
506 4483 579 4534 0008.
605 4500 625 4534 c.
649 4483 722 4534 0041.
747 4482 821 4533 0051.
845 4482 918 4532 0060.

309 4570 499 4632 Exhortare,
524 4584 565 4618 me
584 4569 683 4632 iudice,
710 4574 783 4631 patet
809 4567 919 4617 Claudio

309 4654 379 4703 diem
404 4653 509 4716 imperii
534 4654 615 4703 fuisse
641 4655 727 4717 ipsum
754 4654 822 4702 diem
848 4654 920 4702 neeis

309 4738 366 4788 Gaii
383 4738 426 4800 (ad
439 4754 520 4802 quarn
533 4738 683 4801 opinionem
698 4739 801 4786 ducunt
814 4751 920 4799 quoque

309 4824 388 4873 verba
420 4841 440 4872 c.
466 4823 512 4873 tt:
550 4823 622 4872 nihil
650 4823 795 4892 antiquius
825 4822 919 4885 duait,

969 2466 1053 2514 qaam
1076 2452 1105 2500 id
1130 2449 1249 2500 biduana
1267 2466 1319 2514 qtro
1343 2452 1377 2500 da
1395 2451 1527 2499 mutando
1546 2454 1587 2500 ret

969 2536 1093 2598 publicae
1109 2542 1184 2585 stata
1203 2537 1368 2585 haesitatum
1386 2543 1460 2597 erat,
1484 2550 1588 2585 artenao-

971 2621 1031 2668 riae
1055 2621 1189 2684 eatmere,
1223 2621 1255 2668 cf.
1283 2621 1383 2683 Herzog
1410 2619 1503 2669 Gesch.
1533 2622 1586 2669 und

972 2703 1042 2767 Syst.
1061 2705 1084 2753 li
1103 2722 1125 2768 p.
1145 2704 1195 2754 063
1212 2706 1234 2755 A
1251 2704 1286 2761 3.)

1003 2792 1182 2851 praenomine
1216 2790 1402 2852 Imperatoris.
1450 2792 1589 2853 Augustus

972 2889 1131 2936 praenomen
1151 2875 1331 2938 imperatorie,
1356 2876 1457 2925 abiecto
1476 2890 1588 2938 praeno-

972 2959 1043 3008 mine
1067 2958 1139 3023 Gaii,
1163 2961 1257 3024 gessit,
1281 2962 1358 3023 quasi
1376 2959 1496 3023 Caesari,
1520 2961 1589 3023 patri

972 3045 1043 3108 eins,
1057 3044 1211 3109 imperatori
1226 3059 1386 3107 praenomen
1399 3045 1499 3093 inisset.
1510 3044 1588 3094 Tibe-

973 3131 1041 3192 riuS,
1067 3129 1149 3178 Gaius
1166 3135 1193 3178 et
1211 3128 1338 3178 Claudius
1355 3131 1452 3178 reiecto
1470 3130 1589 3192 Impera-

973 3215 1037 3263 toris
1055 3217 1225 3276 praenomine
1243 3229 1292 3262 sna
1311 3215 1482 3277 praenomina
1499 3229 1588 3278 gesse-

974 3303 1043 3347 rant.
1079 3296 1129 3347 Sed
1161 3298 1231 3347 Nero
1263 3299 1316 3347 iam
1350 3299 1466 3361 saepiuS,
1500 3313 1589 3362 neque

973 3388 1063 3431 tamen
1081 3398 1197 3447 semper,
1215 3384 1248 3432 ad
1268 3399 1347 3432 usum
1366 3384 1482 3446 Augusti
1496 3384 1589 3446 rediit,

973 3482 1053 3530 quem
1083 3474 1140 3531 post
1166 3468 1356 3531 Vespasianum
1384 3484 1476 3519 ornnes
1502 3469 1588 3518 secuti

973 3557 1043 3600 sunt.
1062 3549 1105 3614 (ef.
1124 3551 1244 3602 Momms.
1264 3553 1324 3603 StR.
1336 3552 1371 3602 [Ι3
1382 3551 1469 3602 iouh
1483 3552 1588 3602 1-5=

974 3633 1008 3683 11²
1029 3635 1077 3684 745
1095 3651 1147 3699 sq.,
1173 3636 1273 3700 Herzog
1290 3639 1306 3686 l.
1327 3639 1342 3686 i.
1361 3638 1383 3686 ll
1403 3653 1425 3700 p.
1445 3635 1493 3686 794
1513 3637 1535 3686 A
1555 3637 1588 3698 2).

973 3721 1002 3768 ln
1021 3721 1110 3784 paucis
1122 3722 1240 3770 nummis
1253 3727 1280 3770 et
1291 3722 1378 3771 titulis
1387 3722 1590 3785 provincialibus

973 3805 1100 3854 Claudius
1117 3812 1209 3855 contra
1227 3823 1306 3856 usum
1325 3822 1486 3870 praenomen
1501 3807 1588 3870 Impe-

974 3891 1068 3939 ratoris
1088 3891 1180 3954 habet,
1199 3897 1226 3940 et
1243 3892 1354 3940 fortasse
1372 3891 1415 3953 (ut
1429 3906 1470 3940 me
1484 3893 1590 3941 monuit

974 3991 996 4023 u.
1021 3978 1051 4024 ci.
1077 3976 1238 4036 Boisserain)
1263 3977 1289 4024 in
1316 3977 1395 4025 titulo
1413 3975 1543 4039 Cyzicena
1560 3975 1588 4024 O.

974 4059 991 4107 l.
1011 4059 1037 4108 L.
1063 4059 1098 4107 lll
1122 4059 1146 4109 S.
1166 4059 1227 4109 7061
1250 4075 1279 4102 =
1299 4061 1370 4109 Dess.
1391 4076 1416 4109 n.
1435 4059 1502 4109 217:
1526 4061 1589 4109 diuo

973 4144 1042 4205 Aap.
1068 4143 1184 4194 Caesari.
1213 4145 1251 4193 Ti.
1276 4142 1358 4206 Aa[p.
1382 4145 1441 4193 divi
1466 4144 1536 4207 Αιορ.
1556 4143 1587 4206 fil

974 4231 1039 4291 imp.
1063 4229 1083 4276 T
1083 4231 1099 4278 t.
1120 4229 1232 4278 Claudio
1250 4230 1334 4278 Drusi
1353 4229 1369 4291 f
1389 4227 1588 4291 [CaesariAap.

975 4311 1149 4374 Germanico
1166 4341 1206 4363 -.
1229 4328 1283 4363 voc.
1309 4315 1375 4376 intp.
1393 4329 1454 4362 curn
1473 4328 1588 4377 sequen-

973 4399 1044 4447 tihus
1068 4399 1283 4462 coniungendam
1309 4405 1336 4447 et
1360 4413 1521 4461 praenomen
1539 4402 1588 4448 est.

973 4482 1024 4531 Sed
1043 4484 1108 4533 haec
1125 4484 1246 4546 regulam
1266 4497 1318 4531 non
1337 4482 1486 4531 obvertunt.

1007 4569 1108 4617 nimios
1149 4568 1262 4615 honores
1301 4570 1440 4615 reversavit.
1490 4581 1588 4615 nornen

974 4652 1055 4715 patris
1081 4652 1194 4714 patriae,
1221 4652 1291 4714 qnod
1315 4657 1424 4699 senatus
1448 4651 1471 4699 ei
1495 4651 1588 4700 statim

974 4736 1083 4798 detulit,
1094 4737 1200 4798 respuit,
1210 4750 1333 4798 annoque
1344 4735 1453 4783 demum
1463 4735 1587 4798 sequenti

973 4821 1086 4889 aceepit,
1112 4821 1182 4872 inter·
1206 4835 1288 4869 nonas
1312 4825 1339 4867 et
1356 4819 1415 4868 idus
1434 4819 1589 4882 ¹ianuarias,
