3322 5512
760 321 798 384 79

139 507 306 605 irrxtaque
325 509 540 585 Stoechadas
557 509 700 581 insulas.
723 509 841 597 Quare
859 533 881 580 a
896 508 1054 581 Massilia
1066 509 1293 583 Gesoriacum
1308 535 1418 607 usque

140 635 291 732 pedestri
326 635 448 708 itinere
474 637 645 727 eont'eoto,
680 634 760 705 inde
786 633 991 724 transmisit,
1025 657 1067 705 ae
1092 634 1167 707 sine
1193 635 1264 708 ullo
1289 638 1419 731 proelio

178 806 238 864 Dio
262 808 316 880 60,
340 807 392 875 21,
416 807 495 863 3=
519 805 591 864 Zea.
614 803 666 863 XI
683 807 748 879 ορι.
771 806 842 863 465.
885 804 916 872 ἐς
950 803 1141 866 Μασσαλίαν
1185 806 1417 886 παρεκομίσθη,

139 910 305 977 κάντεῦθεν
337 911 377 975 τά
410 912 465 988 μὲν
499 914 576 994 πεζῇ
600 910 641 974 τά
666 910 697 973 δὲ
721 907 773 973 καί
797 909 846 973 διά
870 911 927 972 τῶν
954 915 1099 985 ποταμῶν
1126 913 1320 992 πορευόμενος
1345 914 1416 997 πράς

139 1044 173 1084 τε
201 1018 252 1083 τὸν
283 1018 409 1083 ὠκεανὸν
441 1018 590 1098 άφίκετο,
625 1017 677 1080 καί
709 1014 889 1097 περαιωθείς
921 1019 951 1087 ἐς
982 1019 1036 1091 τὴν
1068 1020 1246 1098 Βρεττανίαν
1279 1021 1419 1106 συνέμιξε

138 1133 200 1198 τοῖς
223 1126 436 1205 στρατοπέδοις
460 1125 532 1204 πρὸς
556 1126 596 1204 τῷ
620 1123 756 1206 Ταμέσορ
781 1122 979 1200 ἀναμένουσιν
1004 1127 1105 1192 αὐτόν.

178 1233 238 1292 Dio
262 1236 316 1308 60,
340 1235 392 1306 21,
413 1236 433 1291 4
455 1260 495 1283 =
518 1233 590 1291 Zea.
613 1232 666 1290 XI
684 1235 703 1289 9
718 1250 750 1307 ρ.
772 1234 844 1291 465.
887 1232 938 1295 καί
971 1234 1164 1313 παραλαβών
1196 1242 1282 1318 σφας
1312 1237 1420 1302 ἐκεῖνόν

139 1367 173 1406 τε
203 1340 359 1419 ἕπιδιέβκ,
392 1341 443 1405 καί
474 1348 534 1411 τοῖς
566 1338 736 1419 βαρβάροις
768 1339 839 1419 πρὸς
863 1341 915 1412 τὴν
940 1339 1048 1421 ἔφοδον
1073 1344 1164 1406 αὑτοῦ
1189 1345 1416 1424 συνεστραμμέ-

140 1473 195 1519 νοις
227 1450 257 1519 ἐς
289 1454 396 1528 χεῖρας
427 1446 527 1512 ἐλθὼν
559 1445 652 1526 μάχιρ
685 1471 718 1510 τε
752 1446 866 1520 ἐνίκασε
898 1447 950 1511 καί
982 1446 1015 1510 τὸ
1042 1446 1288 1524 Καμουλίδουνον
1312 1452 1345 1516 τὸ
1369 1459 1421 1518 τοῦ

140 1554 361 1633 Κυνοβελλίνου
397 1554 551 1631 βασίλειον
583 1547 654 1617 εἷλε.
688 1553 755 1615 Κάκ
787 1553 892 1616 τούτου
925 1554 1054 1633 συχνοὺς
1085 1555 1153 1625 τοὺς
1184 1556 1240 1631 μέν
1271 1558 1421 1641 ὁμολογία

140 1664 207 1735 τοὺς
242 1663 274 1726 δὲ
309 1662 359 1726 καί
394 1661 451 1744 βίρι
488 1659 764 1741 προσαγαγόμενος
800 1659 991 1740 αὐτοκράτωρ
1030 1660 1182 1733 πολλάκις
1214 1664 1420 1741 ἐπωνομάσθη

142 1769 226 1851 παρά
257 1769 298 1833 τά
331 1768 465 1848 πάτρια,
488 1807 532 1817 -
556 1767 607 1831 καί
632 1766 673 1830 τά
697 1762 781 1830 ίπλα
806 1769 904 1831 αὐτῶν
930 1768 1123 1848 άφελάμενος
1148 1770 1275 1841 ἐκείνους
1298 1773 1354 1848 μὲν
1379 1775 1420 1853 τῷ

141 1877 284 1956 Πλαυτίιρ
310 1875 514 1957 προσέταξεν,
539 1871 753 1948 ἐντειλάμενός
771 1874 795 1936 οἱ
811 1873 862 1936 καί
879 1874 919 1938 τά
936 1875 1031 1939 λοιπά
1050 1877 1421 1958 προσκαταστρέψασθαι,

141 1984 230 2056 αὐτὸς
265 1984 296 2047 δὲ
331 1985 360 2055 ές
396 1985 450 2056 τὴν
485 1981 599 2058 Ῥώμαν
637 1977 795 2060 ἠπείχθη,
831 1981 883 2052 τὴν
916 1982 1073 2057 άγγελίαν
1106 1991 1158 2056 τῆς
1188 1984 1268 2058 νίκης
1292 1986 1342 2049 διά
1365 1992 1421 2051 τῶν

142 2092 312 2171 γαμβρῶν,
337 2097 388 2155 τοῦ
412 2114 445 2154 τε
469 2087 602 2165 Μάγνου
627 2088 678 2152 καί
703 2093 754 2151 τοῦ
778 2094 928 2160 Σιλανοῦ,
955 2089 1156 2169 προπέμψας,

184 2201 246 2258 Ταο.
268 2201 338 2274 Αρν.
360 2200 407 2257 13.
449 2197 577 2256 domitae
598 2201 704 2271 gentes
726 2195 805 2272 eapti
827 2214 921 2270 reges

184 2308 262 2366 Suet.
297 2307 378 2381 Vesp.
408 2307 436 2362 4.
478 2303 602 2363 Claudio
630 2303 765 2379 prineipe
792 2337 831 2345 -
859 2303 890 2361 in
917 2304 1100 2363 Britanniam
1130 2307 1292 2366 translatus
1321 2309 1422 2369 trieies

144 2433 211 2473 eum
234 2415 319 2473 hoste
340 2412 484 2471 conflixit.
513 2411 594 2469 Duos
616 2409 816 2467 validissimas
837 2415 942 2483 gentes
965 2429 1113 2488 superque
1135 2412 1243 2488 viginti
1263 2415 1372 2491 oppida
1393 2423 1423 2475 et

142 2521 270 2580 insulam
299 2519 416 2578 Veetim
446 2517 617 2576 Britanniae
645 2516 812 2592 proximam
840 2516 871 2574 in
893 2516 1043 2576 dicionem
1064 2518 1195 2595 redegit,
1222 2521 1330 2596 partim
1351 2524 1422 2582 Auli

143 2627 251 2687 Plautii
272 2626 363 2703 legati
385 2625 549 2685 consularis
570 2624 679 2700 partim
701 2622 818 2681 Claudii
838 2623 935 2698 ipsius
956 2623 1057 2683 duetu
1412 2693 1415 2701 Ι

185 2734 306 2793 Οίααάιό
331 2733 426 2791 oratio
447 2732 481 2790 de
501 2732 567 2789 iure
589 2731 734 2789 ίιυνιοναννι
763 2729 859 2788 Gallis
881 2729 978 2789 deado
1004 2731 1062 2789 Col.
1086 2734 1100 2788 1
1121 2732 1138 2791 l.
1162 2735 1213 2791 38.
1256 2754 1359 2795 vereor
1385 2757 1423 2796 ne

143 2841 232 2900 nimio
270 2839 444 2899 insolentior
482 2856 548 2897 esse
580 2837 683 2896 videar
715 2843 745 2895 et
776 2836 930 2912 quaesisse
961 2838 1149 2897 iactationem
1177 2841 1288 2914 gloriae
1316 2844 1424 2919 prolati

142 2948 259 3025 imperii
279 2947 358 3021 ultra
378 2964 529 3004 oeeanum.

144 3147 241 3196 dentali
273 3150 347 3208 parte
379 3145 460 3192 maris
484 3144 671 3192 Mediterranei
697 3143 757 3205 ssat,

144 3233 301 3292 plerumque
328 3227 360 3276 ab
386 3227 485 3276 aestivo
512 3228 573 3276 solis
596 3242 703 3289 oeeasu,
728 3227 757 3275 in

145 3316 231 3364 Africa
256 3319 346 3363 tamen
374 3327 388 3360 e
416 3313 522 3375 regione
548 3313 756 3375 septentrionali.

145 3399 216 3447 [dem
242 3402 283 3446 est
308 3412 390 3460 quem
418 3396 494 3445 hodie
518 3397 626 3446 Mistrul
649 3404 756 3460 nocant,

145 3484 190 3547 qui
207 3484 229 3532 si
247 3482 430 3531 vehementior
440 3487 481 3530 est
494 3497 539 3544 per
551 3497 636 3529 unum
650 3488 757 3530 tantum

145 3567 214 3616 diem
232 3567 295 3615 ssare
312 3568 386 3615 solet.

176 3651 340 3701 Stoechados
375 3651 486 3699 insulas.
522 3650 553 3698 de
589 3650 629 3698 nis
663 3650 758 3698 insulis

147 3737 352 3786 Massiliensium
373 3734 443 3796 (Tac.
468 3735 532 3784 Hist.
551 3733 662 3797 11143),
681 3735 757 3786 hodie

145 3823 192 3872 iles
215 3822 240 3870 d’
260 3821 377 3883 Hye'res,
401 3821 434 3869 cs.
458 3820 550 3870 Strabo
568 3820 602 3869 IV
619 3819 632 3868 l
654 3835 676 3882 p.
695 3819 757 3869 184:

144 3903 296 3968 πρόκεινται
322 3899 351 3952 δὲ
378 3906 431 3951 τῶν
457 3907 555 3952 στενῶν
580 3901 681 3953 τούτων
706 3900 757 3952 ἀπὸ

146 3985 301 4043 Μασσαλίας
341 3984 513 4051 ἀρξαμένοις,
553 3986 582 4037 αἱ
614 3985 758 4052 Στοιχάδες

145 4077 234 4138 νῆσοι,
249 4078 317 4137 τρεῖς
326 4069 376 4136 μὲν
387 4069 532 4136 ἀξιόλογοι,
545 4070 594 4121 δύο
605 4069 635 4122 δὲ
647 4071 744 4136 μικραί
752 4087 757 4097 ·

146 4161 292 4221 γεωργοῦσι
310 4155 333 4206 δ’
343 4153 424 4211 αὐτὰς
433 4154 624 4206 Μασσαλιῶται
633 4185 673 4206 -.
693 4159 757 4207 Plin.

147 4243 176 4291 H.
194 4243 226 4292 N.
244 4242 272 4306 3,
297 4241 342 4291 79:
368 4249 421 4292 tres
438 4242 609 4306 Stoechades,
627 4260 644 4291 α
662 4245 759 4292 vicinis

148 4327 360 4376 Massiliensibus
386 4328 473 4378 dietae
497 4334 611 4390 propter
634 4328 760 4377 ordinem

147 4426 199 4473 qao
216 4413 285 4460 sitae
302 4418 378 4474 ειανι,
400 4414 513 4461 montino
530 4413 648 4474 sinpolis
665 4412 758 4476 Prote,

148 4496 218 4546 Mese
250 4512 321 4560 quoe
354 4503 379 4546 et
411 4497 603 4559 Pomponiano
637 4504 759 4559 vocator,

149 4583 229 4630 tertio
244 4581 369 4644 Hypaea.

181 4665 364 4716 Gesoriacum.
383 4666 460 4714 hodie
477 4665 616 4727 Boaloqae
633 4681 681 4714 sor
694 4665 759 4727 Mer,

149 4752 217 4799 unde
244 4755 275 4799 ut
298 4751 364 4800 Plin.
390 4751 419 4799 H.
438 4751 468 4800 N.
488 4751 516 4807 4,
540 4750 589 4799 100
608 4752 683 4800 doret
701 4767 759 4813 pro-

148 4835 234 4884 ximus
274 4835 400 4884 traieetus
434 4837 462 4884 in
496 4836 661 4885 Britanniam
695 4841 760 4884 erat.

813 3144 906 3192 Postea
923 3145 950 3192 in
970 3159 999 3193 eo
1012 3146 1081 3207 loeo,
1106 3147 1175 3195 unde
1193 3146 1320 3197 Claudius
1336 3155 1425 3199 trans-

812 3229 933 3291 miserat,
960 3244 1036 3278 areus
1062 3236 1213 3280 exstructus
1238 3238 1279 3280 est
1301 3230 1360 3295 (Dio
1378 3233 1425 3297 60,

811 3312 856 3376 00,
880 3312 921 3376 l),
945 3314 1021 3363 euius
1043 3319 1134 3363 tamen
1158 3317 1264 3365 nullum
1283 3319 1424 3381 vestigium

811 3403 944 3460 repertum
964 3403 1011 3447 est.

843 3482 962 3543 pedestri
981 3484 1085 3532 itinere.
1112 3483 1159 3532 Dio
1178 3482 1234 3546 (60,
1258 3483 1304 3547 01,
1326 3484 1354 3546 3)
1372 3502 1424 3535 non

812 3565 934 3614 dissentit
958 3581 1068 3616 narrans
1087 3567 1228 3617 Claudium
1247 3584 1292 3631 per
1310 3569 1424 3619 Galliam

811 3651 862 3698 iter
893 3651 988 3714 partim
1020 3657 1104 3712 terra,
1138 3654 1233 3715 partim
1259 3669 1307 3716 per
1331 3655 1425 3704 fluvios

812 3735 918 3796 secisse,
937 3751 999 3784 nam
1016 3738 1134 3798 pedestri
1148 3738 1278 3799 hocloco,
1298 3743 1328 3786 ut
1340 3753 1424 3802 saepe,

812 3821 883 3869 valet
901 3824 1021 3870 terrestri
1040 3819 1107 3885 (opp.
1127 3819 1279 3881 maritimo).

845 3906 904 3952 siae
913 3905 968 3953 ullo
974 3907 1078 3967 proelio
1087 3912 1134 3953 not
1143 3907 1283 3967 sanquine.
1302 3907 1426 3956 dissentit

813 3989 859 4037 Dio
877 3987 923 4050 60,
949 3988 995 4052 01,
1014 3989 1043 4051 ἰν,
1061 3990 1104 4038 oui
1122 3989 1201 4037 tidem
1220 3990 1306 4053 potius
1324 3991 1425 4040 haben-

813 4073 874 4121 dam
908 4087 964 4122 esse
999 4079 1074 4136 puto,
1108 4075 1157 4122 etsi
1192 4088 1254 4122 sane
1290 4074 1346 4123 fieri
1373 4092 1425 4125 non

813 4163 911 4220 potest,
939 4164 969 4206 ut
996 4159 1085 4207 hostes
1109 4173 1213 4207 summo
1238 4159 1329 4207 ardore
1348 4161 1425 4208 resti-

813 4245 909 4308 terint,
949 4260 1011 4293 eum
1054 4258 1095 4291 res
1135 4249 1225 4291 tantae
1266 4244 1336 4292 intra
1369 4249 1425 4294 tarn

813 4345 910 4391 paucos
939 4330 993 4378 dies
1015 4332 1104 4391 gestae
1131 4328 1191 4376 sint.
1225 4327 1290 4376 Mihi
1317 4329 1425 4392 quidem

814 4415 956 4464 Suetonius
980 4417 1087 4462 secutus
1109 4426 1165 4460 esse
1188 4412 1292 4460 videtur
1315 4412 1425 4462 titutum

813 4499 1003 4560 triumphalem
1025 4495 1064 4556 (C.
1083 4496 1101 4543 l.
1121 4495 1147 4543 L.
1167 4495 1199 4544 Vl
1218 4493 1277 4558 000)
1296 4496 1343 4545 ubi
1360 4498 1426 4560 legi-

814 4597 886 4631 mus:
913 4608 946 4615 —
970 4579 1054 4644 qlood
1079 4594 1154 4643 repes
1176 4579 1360 4643 Brttmanmr]
1388 4582 1429 4630 XI

816 4665 941 4728 [deuictos
964 4664 1033 4727 sirie]
1051 4666 1108 4712 allo
1126 4663 1245 4726 iactatam
1262 4668 1292 4715 ia
1310 4667 1425 4715 deditio-

813 4766 877 4800 nem
886 4748 1039 4813 occeperit],
1048 4754 1076 4797 et
1084 4748 1127 4809 (ut
1137 4756 1206 4799 reete
1217 4751 1341 4800 Huebner
1348 4750 1426 4811 (Her-

816 4850 871 4883 mes
901 4835 959 4884 xvi
992 4851 1015 4898 p.
1047 4833 1095 4882 508
1122 4835 1143 4883 Α
1167 4833 1193 4891 5)
1226 4834 1426 4897 animadvertit)
