3322 5512
818 301 834 358 7

188 483 319 557 obiitin
333 483 478 557 aestivis
492 485 625 570 castris,
639 508 730 579 quae
744 508 787 558 ex
802 508 842 559 eo
852 486 1022 559 scelerata
1035 485 1312 581 suntappellata.
1328 483 1466 581 Corpus

230 644 339 704 Βανοσο
363 645 449 704 Coos.
470 644 509 703 od
531 644 622 703 More.
644 645 704 719 ΙΙΙ,
727 649 750 705 1.
791 647 827 705 In
859 647 1050 725 expeditione
1081 648 1251 708 decesserat
1278 646 1353 724 ipsis
1381 646 1467 705 illum

188 750 322 810 hostibus
353 769 476 827 aegrum
507 770 576 811 oum
608 753 798 812 veneratione
829 759 860 813 et
890 772 963 830 pace
996 760 1099 814 mutua
1129 752 1381 832 prosequentibus
1412 771 1467 812 nec

188 865 289 935 optare
310 859 391 936 quod
411 858 591 936 expediebat
611 859 799 919 audentibus.

227 966 534 1025 Lio.Periocb.142.
576 966 647 1044 Ipse
674 967 814 1044 (Drusus)
841 985 881 1026 ex
908 968 1053 1041 fractura,
1082 985 1159 1045 equo
1188 985 1279 1045 super
1305 986 1375 1026 crus
1402 967 1467 1027 eius

187 1073 331 1150 collapso,
353 1072 503 1132 tricesimo
524 1073 573 1132 die
596 1092 685 1151 quam
706 1072 738 1131 id
758 1073 923 1148 acciderat,
945 1079 1088 1133 mortuus.

230 1179 334 1238 Strabo
369 1179 438 1253 VII,
468 1181 503 1253 3,
525 1199 558 1256 p.
583 1181 655 1238 292.
698 1177 760 1243 ἔστι
796 1179 828 1243 δὲ
863 1180 915 1244 καὶ
950 1179 1062 1252 Σάλας
1098 1179 1254 1258 ποταμός,
1292 1176 1324 1244 οὗ
1347 1181 1468 1264 μεταξὺ

188 1284 239 1348 καὶ
262 1291 313 1349 τοῦ
337 1285 437 1359 Ῥήνου
462 1290 604 1362 πολεμῶν
632 1286 683 1350 καὶ
710 1284 867 1366 κατορθῶν
885 1293 1015 1367 Δροῦσος
1031 1289 1226 1362 ἐτελεύτησεν
1244 1288 1257 1351 ὁ
1275 1292 1467 1368 repperiam.

227 1393 338 1453 Floras
359 1393 378 1451 Ι
381 1393 418 1468 V,
441 1395 495 1468 12,
519 1395 571 1452 28.
614 1394 754 1454 defuncto
776 1393 817 1454 ibi
838 1393 1001 1453 fortissimo
1021 1394 1138 1455 iuvene.

231 1501 309 1560 Suet
335 1500 391 1559 ΙΙΙ).
416 1503 440 1559 7.
483 1501 614 1559 Drusum
635 1501 757 1560 fratrem
778 1501 809 1559 in
832 1499 990 1561 Germania
1012 1501 1128 1576 amisit,
1149 1502 1235 1562 cuius
1256 1520 1364 1579 eorpus
1384 1502 1468 1579 pedi-

187 1610 243 1669 bus
264 1614 325 1668 toto
345 1607 452 1667 itinere
474 1606 700 1684 praegrediens,
721 1607 846 1667 Romam
867 1626 963 1686 usque
984 1609 1129 1685 pervenit.

226 1715 291 1774 Isin.
313 1715 443 1774 Periocb.
470 1716 539 1773 142.
581 1714 696 1791 Corpus
726 1734 744 1773 a
773 1714 891 1774 Nerone
923 1716 1029 1789 fratre,
1068 1715 1120 1792 qni
1152 1715 1256 1775 nuntio
1287 1715 1468 1775 valetudinis

187 1828 327 1882 evocatus
348 1821 457 1899 raptim
478 1827 700 1895 accucurrerat,
722 1821 846 1881 Romam
868 1827 1050 1899 pervectum.

226 1929 287 1988 Dio
309 1932 366 2004 55,
389 1930 469 2003 2,1.
513 1927 729 2014 (Αὔγουστος)
748 1927 798 1991 τὸν
822 1927 960 2007 Τιβέριον
985 1928 1069 1993 κατὰ
1094 1927 1194 2009 ταχος
1211 1927 1335 2009 ἔπεμψε
1350 1952 1356 1965 ·
1370 1929 1421 1992 καὶ
1438 1921 1468 1999 ὃς

188 2033 320 2112 ἔμπνουν
340 2059 375 2099 τε
395 2033 486 2098 αὐτὸν
506 2033 668 2111 κατέλαβε
688 2032 739 2097 καὶ
756 2032 959 2099 ἀποθανόντα
972 2036 1003 2106 ἐς
1016 2035 1068 2108 τὴν
1080 2035 1194 2112 Ῥώμην
1208 2034 1340 2112 ἐκόμισε,
1357 2034 1399 2098 τα
1411 2036 1467 2113 μὲν

191 2147 295 2221 πρῶτα
315 2142 407 2222 μέχρι
428 2147 479 2230 τοῦ
501 2141 666 2222 χενμαδίου
685 2148 736 2206 τοῦ
758 2148 888 2221 στρατοῦ
909 2141 959 2207 δνσὶ
979 2167 1013 2206 τε
1033 2143 1090 2206 τῶν
1104 2141 1339 2224 ἑκατοντάρχων
1352 2144 1404 2207 καὶ
1419 2143 1468 2207 δνσὶ

187 2249 245 2313 τῶν
269 2248 457 2330 χιλιάρχων,
483 2246 600 2313 ἐκεῖθεν
618 2248 649 2312 δὲ
667 2247 716 2312 δνσὶ
733 2253 789 2312 τῶν
808 2246 883 2313 καθ’
897 2247 1028 2321 ἕκαστον
1047 2248 1134 2313 πόλιν
1153 2249 1273 2328 πρώτον
1290 2248 1467 2326 βαστάσας.

236 2358 297 2416 Tac.
320 2359 400 2416 Ana.
422 2357 485 2431 III,
508 2359 535 2415 5.
567 2357 677 2431 Fuere,
699 2356 751 2434 qui
772 2361 992 2432 compararent,
1014 2355 1142 2433 quaein
1164 2356 1468 2431 Drusum-Augustus

190 2463 319 2524 fecisset.
340 2464 445 2541 Ipsum
466 2464 577 2541 quippe
598 2464 761 2540 asperrimo
782 2463 891 2522 hiemis
906 2462 1276 2538 Ticinum-progressum
1291 2480 1388 2539 neque
1402 2464 1469 2523 abs·

188 2571 347 2632 cedentem
367 2591 385 2630 a.
406 2589 528 2648 corpore
549 2570 639 2630 simul
661 2571 765 2631 urbem
785 2569 953 2630 intravisse.

187 2771 268 2834 iocto,
300 2770 370 2834 quod
400 2771 471 2834 leges
497 2772 568 2820 inter
593 2776 746 2834 praeturam
772 2774 800 2819 et

187 2855 357 2903 consulatum
374 2869 431 2904 esse
452 2855 577 2905 volebant
594 2853 638 2916 (ci.
651 2855 799 2905 Mommsen

188 2939 248 2990 StR.
267 2937 368 3002 13598,
384 2937 446 3001 A.l
468 2954 498 2982 =
516 2937 539 2987 1²
556 2937 625 3001 509).

221 3024 313 3074 naorbo
335 3025 411 3074 obiit.
447 3025 488 3073 die
506 3024 564 3073 XlV
583 3039 658 3073 mens
677 3024 746 3087 Sept
766 3025 798 3074 cd.

188 3109 244 3158 Kal.
271 3109 439 3159 Antiatinum
466 3124 488 3158 a.
514 3110 538 3158 d.
563 3109 634 3158 XIIX
659 3108 716 3158 Kal.
739 3107 800 3158 Oct:

188 3193 329 3257 inscitiae)
347 3192 466 3257 Dl·[rlsi].

221 3278 374 3328 Secundum
398 3277 464 3327 Livii
481 3278 681 3340 epitomatorem
700 3279 801 3327 Drusus

188 3379 219 3413 ex
251 3364 369 3413 fractura
400 3362 484 3412 cruris
516 3368 638 3411 mortuus
668 3367 720 3426 est,
753 3363 800 3411 Dio

188 3453 292 3511 contra,
310 3448 342 3496 de
360 3446 450 3496 morbo
468 3462 483 3495 a
498 3447 548 3496 diis
563 3448 681 3496 immisso
697 3447 801 3496 videtur

188 3532 348 3595 cogitavisse.
373 3530 517 3581 Suetonius
540 3532 606 3581 mihi
627 3547 688 3581 oum
706 3537 801 3580 neutro

188 3617 273 3666 iacere
284 3616 395 3665 videtur.
414 3615 581 3666 Credendum
594 3617 679 3679 enim,
695 3617 717 3666 si
730 3617 801 3665 Livio

190 3701 268 3750 fidem
293 3701 443 3763 habuisset,
465 3715 572 3749 oausam
590 3700 675 3750 morbi
693 3714 801 3749 accura-

188 3787 242 3836 tius
258 3801 320 3835 eum
333 3786 495 3835 traditurum
508 3786 597 3847 fuisse,
611 3799 698 3848 neque
711 3788 801 3833 tamen

189 3871 278 3920 Dionis
300 3871 403 3920 fontem
426 3875 534 3920 secutus
557 3874 611 3932 est,
635 3871 667 3918 cf.
689 3884 750 3917 ann.
769 3869 800 3916 ad

188 3956 305 4019 speciem
322 3956 449 4004 mulieris
468 3955 541 4003 barb.
560 3971 582 4017 p.
601 3953 623 4002 5.
642 3953 710 4003 Curn
728 3952 802 4002 Suet.

188 4041 292 4090 faciunt
314 4041 370 4090 Val.
397 4040 465 4090 Max.
484 4039 519 4101 V,
542 4038 571 4101 5,
594 4036 617 4088 3.
636 4038 702 4087 Plin.
721 4038 751 4088 H.
769 4038 801 4088 N.

190 4125 221 4189 7,
237 4125 277 4176 84.
296 4126 415 4175 Velleius
432 4125 469 4185 ll,
487 4123 528 4172 97.

221 4210 338 4261 Aestivis
355 4211 457 4260 castris.
493 4210 562 4258 Haec
577 4214 663 4257 castra
674 4208 710 4257 ibi
721 4208 802 4257 fuisse

189 4296 330 4345 verisimile
354 4301 408 4358 est,
436 4295 481 4343 ubi
504 4309 551 4342 ara
574 4293 665 4356 Drusi,
692 4292 725 4340 de
749 4306 803 4354 qua

189 4379 309 4442 loquitur
331 4379 439 4428 Tacitus
461 4377 529 4426 Ann.
555 4378 577 4427 ll
597 4377 626 4427 7:
645 4383 671 4428 et
687 4382 803 4426 οονονοννν

188 4478 269 4512 aram
284 4463 374 4512 Druso
391 4464 476 4512 ellam
493 4464 669 4524 dirimerent,
687 4476 756 4525 oriae
772 4465 803 4509 ut

189 4561 219 4595 er
245 4547 337 4596 eodem
359 4545 449 4595 Tacito
476 4547 492 4596 l.
511 4548 528 4596 l.
547 4551 632 4609 patet,
656 4547 708 4595 fuit
726 4561 802 4609 prope

188 4636 275 4680 rastra
298 4631 418 4681 Variana.
450 4631 613 4689 Quibuscum
637 4630 800 4692 benefacit,

189 4716 259 4778 quod
277 4714 395 4778 Tiberio,
418 4720 448 4764 ut
464 4716 497 4764 ad
516 4716 627 4764 fratrem
645 4731 725 4764 suurn
744 4729 802 4777 per-

191 4800 293 4849 veniret
311 4800 427 4850 ducenta
442 4800 516 4849 milia
528 4815 654 4863 passuum
668 4815 713 4863 per
726 4800 803 4849 modo

854 2769 984 2818 devictam
1014 2768 1163 2818 barbariem
1194 2767 1356 2817 conficienda
1384 2774 1468 2818 erant.

854 2852 921 2911 (Val.
930 2853 997 2902 Max.
1008 2853 1036 2916 V,
1046 2853 1074 2915 5,
1087 2852 1122 2913 3).
1133 2854 1165 2903 cf.
1176 2853 1371 2916 Zangemeister
1379 2853 1468 2904 West-

853 2937 986 2986 Deutsche
1005 2936 1129 2987 Zeitscbr.
1148 2936 1213 2986 1887
1232 2953 1258 3001 p.
1276 2936 1334 2986 238.

888 3022 984 3071 Castra
1000 3024 1131 3072 scelerata
1148 3023 1165 3072 i.
1178 3037 1201 3071 e.
1220 3023 1374 3071 calamitosa
1384 3027 1468 3072 utex-

856 3108 935 3171 plicat
961 3107 1067 3158 Servius
1092 3108 1125 3157 ad
1151 3108 1227 3170 Verg.
1252 3106 1345 3172 Georg.
1370 3107 1468 3157 11256.

856 3191 897 3241 Sic
917 3197 1000 3254 porta
1021 3193 1153 3242 scelerato
1169 3188 1274 3253 (Florus
1291 3192 1301 3241 Ι
1320 3190 1364 3253 ln)
1382 3194 1468 3241 norni-

855 3281 950 3340 natur,
968 3291 1112 3340 perquam
1131 3276 1216 3340 Fabii,
1235 3277 1282 3340 qui
1298 3281 1387 3339 postea
1399 3278 1468 3340 apud

855 3359 1007 3410 Cremeram
1026 3361 1156 3424 profligati
1172 3367 1248 3424 sunt,
1266 3362 1364 3424 egressi
1379 3367 1468 3423 erant;

854 3447 927 3494 vicere
945 3447 1101 3508 sceleratus,
1120 3445 1165 3494 ubi
1183 3461 1227 3495 ren
1246 3445 1351 3495 Servius
1365 3446 1469 3496 Tullius

855 3531 1012 3580 interfectus
1029 3536 1099 3593 erat;
1117 3545 1230 3592 canipae
1248 3531 1405 3594 sceleratus,
1424 3531 1469 3580 ubi

855 3616 971 3665 incestae
996 3617 1110 3679 virgines
1133 3616 1252 3665 Vestales
1268 3616 1341 3665 vivae
1359 3617 1468 3679 sepelie-

855 3699 965 3762 bantur;
984 3701 1016 3749 cf.
1035 3701 1106 3749 Dess.
1125 3716 1150 3749 n.
1163 3699 1242 3749 2646:
1263 3698 1280 3762 [.
1292 3736 1297 3747 .
1307 3699 1388 3762 inter]
1401 3702 1469 3763 fecto

855 3801 872 3834 a
903 3783 1082 3848 lotro[ni]bue
1115 3787 1144 3835 in
1170 3785 1252 3848 Alpes
1278 3784 1387 3848 [alpos]
1415 3787 1469 3836 loco

855 3870 929 3933 quod
945 3871 1102 3932 appellatur
1118 3869 1260 3920 Scelerato.

891 3955 1000 4018 Corpus.
1044 3954 1145 4004 Nuntio
1180 3955 1339 4004 valetudinis
1374 3956 1469 4017 allato,

856 4039 993 4103 Augustus
1007 4041 1037 4088 ad
1050 4041 1165 4089 Drusum
1176 4040 1249 4089 misit
1257 4040 1407 4103 Tiberium,
1423 4041 1469 4103 qui

856 4125 965 4188 longum
989 4125 1041 4174 iter
1066 4140 1117 4173 uno
1141 4140 1202 4173 curn
1227 4125 1322 4173 comite
1344 4139 1470 4174 emensus

856 4210 934 4269 (Plin.
954 4210 984 4258 H.
1003 4210 1034 4259 N.
1054 4208 1113 4271 Vll,
1132 4207 1173 4258 82.
1192 4210 1247 4258 Val.
1266 4209 1333 4258 Max.
1353 4209 1382 4272 V,
1400 4209 1423 4271 5,
1442 4207 1469 4270 3)

856 4295 965 4342 fratrem
984 4294 1073 4342 vivum
1092 4295 1157 4343 vidit
1171 4293 1238 4355 (Val.
1254 4293 1322 4343 Max.
1338 4294 1373 4342 l.l.
1387 4293 1469 4343 Sene·

856 4393 887 4427 ca
904 4379 936 4426 ad
955 4378 1045 4441 Polyb.
1064 4375 1119 4438 (34)
1138 4377 1162 4426 5.
1181 4393 1250 4427 cons.
1267 4378 1298 4426 ad
1313 4377 1367 4428 Liv.
1381 4394 1403 4427 v.
1416 4377 1468 4440 89).

857 4462 957 4525 Corpus
981 4462 1113 4524 defuncti,
1140 4461 1211 4524 quod
1229 4461 1327 4510 milites
1344 4460 1393 4509 sibi
1412 4462 1469 4510 vin-

857 4547 943 4596 dicare
962 4549 1114 4608 voluerant,
1133 4546 1164 4594 ad
1182 4546 1292 4594 hiberna
1305 4548 1415 4594 allatum
1430 4553 1471 4595 est

856 4646 873 4679 a
902 4631 1101 4680 centurionibus
1131 4632 1299 4693 tribunisque
1323 4628 1382 4691 (Dio
1407 4629 1469 4692 l.l.),

857 4715 919 4763 inde
947 4715 1057 4764 Romam
1085 4731 1131 4778 per
1154 4716 1281 4778 primores
1304 4715 1469 4778 singularum

861 4799 977 4849 urbium.
