3322 5512
143 525 319 633 publicas,
358 547 392 610 et
426 537 492 611 hoc
525 537 676 634 amplius
710 538 799 634 patri
836 538 1009 611 circenses
1041 562 1175 613 annuos
1209 527 1314 613 natali
1346 540 1420 632 die,
1514 539 1552 614 C.
1581 530 1635 615 11.

144 660 243 735 matri
303 670 524 757 carpentum,
583 685 653 757 quo
707 686 770 759 per
820 663 949 736 circum
999 663 1200 758 duceretur,
1260 674 1295 737 et
1344 687 1423 760 cog-

143 809 266 860 nomen
314 786 517 882 Augustae,
568 788 613 860 ab
660 788 744 860 vina
781 796 991 861 recusatum.
1043 788 1101 860 Ad
1140 789 1258 863 fratris
1295 813 1423 864 memo-

143 912 248 1004 riam,
314 936 377 1008 per
440 935 575 986 omnem
640 913 856 987 occasionem
921 915 1149 1007 celebratam,
1212 916 1423 989 comoediam

144 1060 280 1133 quoque
364 1038 538 1112 Graecam
619 1038 850 1134 Neapolitano
930 1039 1118 1139 certamine
1194 1040 1310 1114 docuit
1383 1066 1425 1115 ac

182 1218 242 1277 Dio
266 1221 319 1291 60,
343 1221 379 1278 5.
401 1220 424 1276 1.
467 1219 506 1298 τῷ
531 1217 563 1281 δὲ
588 1219 623 1292 aa
651 1219 770 1297 Δρούσῳ
795 1219 835 1296 τῷ
861 1219 955 1297 πατρὶ
979 1228 1016 1298 τῇ
1042 1243 1075 1282 τε
1098 1219 1248 1302 Ἀντωνία
1272 1227 1308 1299 τῇ
1332 1221 1424 1300 μητρὶ

144 1323 346 1404 ἱπποδρομίαν)
371 1326 401 1395 ἐς
425 1324 466 1388 τα
490 1324 610 1401 γενέσια
636 1323 743 1396 ἔδωκε,
768 1322 824 1394 τὰς
848 1325 1032 1404 πανηγύρεις
1056 1323 1113 1395 τὰς
1136 1326 1167 1396 ἐς
1187 1322 1297 1389 ταύτὸν
1316 1328 1425 1398 αὐταῖς

146 1430 374 1507 replicandam
398 1430 550 1507 μεταθεὶς
574 1432 604 1500 ἐς
629 1429 734 1511 ἑτέρας
758 1427 890 1507 ἡμέρας,
915 1425 995 1500 ὅπως
1018 1433 1061 1506 μὴ
1086 1424 1156 1507 ἅμα
1182 1432 1334 1496 ποιῶνται.

146 1653 216 1688 aram
257 1640 387 1689 dedicavit
423 1655 445 1689 a.
478 1639 569 1704 risten
605 1642 631 1690 in
669 1638 759 1688 morbo

146 1724 232 1773 liviae
250 1739 266 1772 a
283 1729 378 1774 senatu
397 1726 539 1788 decretam,
558 1727 591 1775 cs.
610 1724 638 1774 G.
649 1726 668 1774 1.
679 1724 706 1772 L.
725 1723 758 1771 VI

146 1807 193 1857 562
213 1824 243 1852 =
261 1809 333 1859 Dess
361 1825 385 1858 n.
409 1809 471 1859 202:
499 1810 601 1860 Pietati
620 1810 760 1871 Anpaetae

147 1908 178 1942 ea
203 1909 223 1943 s.
250 1909 269 1943 c.
298 1896 371 1957 qaod
389 1894 502 1956 ‘factam
528 1901 567 1943 eat
591 1895 622 1943 D.
648 1894 760 1942 Haterio

147 1978 273 2041 Aprippa
289 1979 315 2028 C.
325 1979 445 2042 Sulpicio
461 1979 545 2029 Galba
558 1994 607 2028 cos.
625 1979 663 2028 Ti.
680 1978 759 2027 Clan-

146 2064 207 2112 dias
240 2063 340 2113 Caesar
368 2064 437 2127 Arcp.
465 2064 643 2113 Germanicas
659 2062 759 2126 pontif.

146 2162 218 2197 macc.
251 2149 314 2198 trib.
342 2155 398 2211 pot.
428 2148 473 2197 III
498 2163 548 2197 cos.
568 2148 613 2196 III
633 2149 700 2210 imp.
718 2146 763 2195 Ill

147 2247 172 2294 p.
191 2247 218 2294 p.
236 2234 379 2284 dedicavit.

179 2317 305 2379 inferias.
324 2317 476 2367 kalendario
494 2317 631 2366 Antiatino
648 2314 688 2377 (G.
703 2317 721 2365 1.
732 2317 759 2365 L.

149 2399 170 2449 I²
192 2401 205 2450 1
233 2416 256 2464 p.
282 2399 343 2463 248)
366 2402 398 2450 ad
423 2401 495 2450 XIIX
518 2401 569 2450 kaI.
588 2399 644 2450 Oct.
663 2400 760 2463 ascrip-

148 2493 204 2535 tum
222 2491 275 2535 est:
294 2484 564 2549 infamiae)Dr[nsi].
584 2487 621 2535 De
631 2487 761 2536 Antonine

149 2570 188 2618 die
208 2571 302 2619 mortIs
319 2571 385 2619 nihil
404 2571 533 2620 novimus.

179 2655 254 2716 patri
268 2656 405 2704 circenses.
424 2655 571 2704 secundum
587 2655 697 2704 Dionem
709 2653 760 2716 (ou,

148 2738 175 2800 5,
190 2737 218 2799 1)
235 2744 263 2787 et
280 2740 361 2801 patris
375 2744 403 2788 et
416 2741 509 2789 matris
522 2740 615 2789 diebus
627 2739 761 2789 natalibus

148 2822 202 2871 Iudi
219 2823 349 2872 circenses
366 2823 421 2872 dati
439 2829 509 2872 sunt.
528 2825 565 2873 De
584 2825 661 2873 Drusi
679 2825 761 2887 patris

148 2907 229 2956 natali
247 2908 289 2956 die
307 2908 373 2956 nihii
391 2908 496 2956 scImus.

178 2992 290 3041 Nummi
313 3007 433 3055 quoqne,
453 2993 531 3041 Drusi
549 2992 663 3056 effigiem
685 3008 759 3056 prae-

146 3076 239 3126 bentes
256 3074 367 3138 (Eckhel
384 3076 413 3126 D.
432 3076 463 3125 N.
483 3076 582 3125 VIIII
601 3076 651 3141 sq.)
679 3076 759 3126 011111-

148 3145 182 3210 dii
200 3161 374 3211 reverentiam
391 3162 420 3210 in
438 3166 540 3225 patrem
557 3167 701 3210 testantur.

180 3247 266 3294 matri
290 3251 458 3308 carpentum.
488 3246 598 3295 circensi
625 3261 720 3309 pompa
746 3260 761 3294 a

149 3329 761 3395 binismulistractum,qnemhonoremAgrip-

149 3414 209 3476 pina
223 3429 330 3477 quoque
346 3413 434 3464 aGaio
445 3413 497 3464 srIio
506 3421 642 3479 acceperat
651 3415 761 3478 (Eclrhel

149 3499 178 3548 D.
195 3498 226 3548 N.
245 3498 279 3547 ut
302 3497 371 3561 2I3).
395 3500 541 3562 Imaginem
565 3502 625 3550 taIis
643 3501 761 3563 carpenti

150 3583 230 3633 habes
247 3583 316 3645 apnd
335 3582 413 3645 Rich,
433 3583 498 3633 Dict.
517 3585 562 3634 des
580 3585 640 3634 Ant.
659 3601 679 3635 s.
697 3601 720 3634 v.

181 3681 328 3730 copncmen
344 3667 499 3732 Anqastae,
520 3669 554 3718 ab
576 3671 637 3718 viva
654 3685 761 3719 recasa-

151 3759 215 3802 tnm.
243 3755 305 3802 aiva
335 3758 376 3802 est
405 3754 582 3816 pulcherrima
612 3754 762 3803 emendatio

149 3837 228 3900 Lipsii
252 3852 297 3900 pro
320 3838 440 3887 codicum
463 3840 575 3888 lectione
593 3840 668 3901 ania,
693 3853 762 3901 quae

149 3922 249 3972 bonum
266 3937 374 3972 sensum
392 3938 443 3971 non
463 3923 578 3986 praebet.

183 4005 256 4064 Quae
288 4005 432 4056 Suetonius
463 4008 604 4070 scripserat
635 4006 690 4057 Gai.
717 4006 762 4056 I5:

150 4090 285 4140 Antoniae
307 4092 384 4139 aviac
406 4092 541 4155 quidquid
564 4105 698 4155 amanam
717 4093 763 4140 Li-

149 4176 196 4224 aia
210 4174 337 4236 Anoasta
348 4175 481 4223 honoram
493 4176 605 4237 cepisset
616 4190 672 4225 nno
685 4190 762 4224 sena·

151 4260 314 4309 lasconanltc
345 4260 490 4321 conpescit,
529 4274 560 4308 ea
592 4275 644 4309 non
677 4262 763 4310 solum

151 4357 166 4392 a
196 4344 280 4393 Dione
305 4341 346 4406 59,
373 4341 397 4406 3,
423 4341 451 4393 3:
491 4339 691 4407 sisaim-midan
717 4339 764 4407 τὴν

148 4422 286 4476 Ἀντωνίαν
308 4424 414 4476 πλεῖστα
437 4425 487 4476 ὅσα
503 4424 622 4492 εὐσεβῶς
638 4423 763 4490 ποιήσας,

151 4508 246 4575 ταύτην
269 4528 296 4560 τε
317 4507 367 4575 γὰρ
389 4508 545 4575 Αὔγουστάν
568 4528 595 4560 τε
617 4506 700 4565 εὐθὺς
717 4507 763 4559 καὶ

151 4592 246 4660 ἱέρειαν
269 4599 315 4645 τοῦ
339 4591 494 4660 Αὐγούστου
518 4593 659 4654 ἀποδείξας
680 4591 764 4644 πάντα

152 4677 218 4744 αὐτῇ
244 4676 386 4738 καθάπαξ,
418 4677 467 4729 ὅσα
499 4684 554 4735 ταῖς
580 4676 764 4743 ἀειπαρθένοις

152 4760 278 4829 ὑπάρχει,
300 4761 388 4814 ἔδωκε
411 4765 603 4815 confirmantur
620 4766 664 4814 sed
683 4767 763 4815 etiam

152 4851 216 4900 actIs
234 4851 266 4899 fr.
284 4849 344 4898 Aru.
363 4848 479 4911 (Henzcn
498 4864 522 4912 p.
540 4849 621 4898 XLIII
632 4865 661 4891 =
672 4848 699 4898 G.
710 4850 728 4898 I.
736 4848 763 4897 L.

815 1636 847 1685 VI
871 1635 937 1686 1078
960 1636 1001 1699 a).
1026 1653 1048 1687 a.
1068 1637 1173 1702 tersae:
1199 1637 1314 1703 prtialie)
1333 1641 1356 1688 lr.
1375 1639 1425 1688 Fe-

815 1722 906 1771 braar.
934 1723 1039 1772 Tannus
1062 1723 1188 1774 Statilius
1213 1723 1344 1773 Coruinus
1360 1738 1425 1785 pro-

814 1807 947 1869 mapister
978 1809 1083 1870 cellapii
1115 1809 1238 1870 fratrom
1269 1806 1427 1871 Aeacidum

813 1890 936 1954 maine]
961 1893 1050 1942 natali
1075 1892 1211 1944 Antoniae
1232 1894 1374 1957 Aapastae
1397 1893 1427 1942 in

815 1975 950 2039 Capitolio
967 1977 1024 2027 Ioni
1044 1977 1071 2026 0.
1090 1978 1125 2026 Μ.
1145 1979 1237 2028 bouem
1251 1993 1358 2028 ntarem
1372 1979 1426 2027 im-

816 2057 958 2122 [nrolaait].
989 2060 1052 2111 Sine
1083 2062 1162 2111 dnbio
1188 2062 1331 2112 Suetonius
1357 2066 1427 2111 recte

815 2160 882 2209 quae
893 2151 971 2194 antea
980 2147 1120 2210 scripserat
1129 2147 1255 2209 correxit,
1264 2153 1292 2196 et
1301 2146 1428 2196 claudius

814 2245 873 2279 eam
897 2230 930 2280 ob
954 2244 1076 2290 causam,
1099 2246 1180 2294 quarn
1199 2231 1336 2281 nobiscum
1355 2232 1426 2283 Suet.

814 2315 1019 2364 communicavit
1037 2330 1135 2365 norum
1153 2318 1426 2366 senatusconsultum

814 2400 967 2449 faciendum
997 2400 1131 2449 curavisse
1162 2401 1295 2463 putandus
1322 2406 1373 2462 est,
1396 2404 1428 2451 ,et

815 2484 922 2546 quidem
941 2485 1031 2533 statim
1050 2488 1108 2547 post
1124 2484 1428 2548 imperiumacceptum,

815 2569 847 2617 cf.
866 2583 994 2617 nummus
1012 2570 1080 2631 apud
1099 2568 1198 2617 Itckher
1216 2569 1245 2616 D.
1264 2568 1295 2617 N.
1314 2568 1348 2616 VI
1365 2566 1427 2616 Iso:

814 2652 935 2702 Antania
954 2651 1089 2715 Aapasta)
1107 2651 1160 2714 (Ti.
1180 2653 1311 2702 Claudias
1330 2653 1429 2702 Caesar

815 2738 884 2799 Aac.
902 2739 934 2787 P.
955 2738 990 2787 M.
1013 2739 1054 2787 Tr.
1074 2738 1105 2786 P.
1123 2737 1194 2800 Inep.
1212 2738 1269 2787 SC.

850 2823 949 2884 fratris
974 2824 1341 2873 occatoriam-celebratam.
1378 2824 1430 2872 huc

816 2914 917 2970 spectat
943 2923 1071 2957 nummus
1089 2914 1198 2957 senatus
1220 2906 1332 2969 (Eckhel
1350 2908 1379 2956 D.
1397 2907 1428 2956 N.

816 2992 849 3040 VI
872 2991 946 3052 step:
971 2992 1150 3042 Germanicas
1175 2992 1274 3042 Caesar
1300 2993 1337 3041 Ti.
1359 2991 1428 3054 Any.

816 3078 835 3138 f.
862 3078 922 3126 Dici
946 3076 1014 3138 Ana.
1033 3092 1059 3126 n.
1079 3076 1139 3140 Gap.
1159 3077 1246 3126 Germ.
1262 3075 1337 3138 nnd.)
1356 3075 1429 3139 (Gap.

815 3167 842 3210 et
859 3162 938 3224 epIgr.
957 3160 1049 3211 GIaud.
1067 3161 1096 3209 in
1114 3162 1182 3210 med.
1201 3161 1257 3211 SC.

848 3247 1013 3295 comoediam
1046 3259 1151 3308 qnoque
1174 3245 1306 3294 Graecam
1331 3246 1430 3294 docuit.

816 3331 983 3380 Dissentiunt
1000 3331 1170 3392 interpretes,
1195 3335 1287 3379 utrum
1308 3331 1429 3378 hocloco

816 3416 951 3466 comoedia
969 3413 1118 3463 Germanici
1136 3414 1316 3479 intellegenda
1333 3415 1368 3464 sit
1381 3413 1430 3477 (ita

816 3506 921 3563 praeter
940 3500 1108 3562 Beroaldum,
1127 3499 1243 3563 Ernesti,
1261 3498 1430 3562 Oudendorp,

817 3586 948 3635 Ruhnken
959 3583 1056 3646 (SchoI.
1066 3585 1093 3633 in
1102 3583 1175 3634 Suet.
1182 3585 1232 3634 vit.
1240 3584 1312 3634 Caes.
1323 3585 1354 3633 ad
1364 3582 1430 3647 h.I.),

817 3669 929 3731 Bremi),
945 3684 978 3718 an
989 3669 1071 3732 ipsius
1080 3667 1183 3718 Claudii
1192 3668 1241 3729 (ita
1248 3670 1430 3731 BurmannuS,

818 3752 1134 3817 Baumgarten-Grusias,
1162 3754 1298 3803 Lehmann
1320 3750 1430 3816 11117).

850 3837 1039 3887 Germanicum
1058 3839 1205 3887 comoedias
1221 3838 1356 3900 scripsisse
1374 3838 1430 3900 ipse

817 3923 959 3973 Suetonius
988 3923 1070 3972 tradit
1099 3922 1154 3972 Gai.
1177 3921 1206 3972 3:
1239 3923 1312 3971 inter
1341 3928 1431 3971 cetera

817 4009 971 4057 stadiorum
985 4007 1430 4068 ntonumentareliqnitetcamae-

817 4093 878 4140 dias
898 4093 1029 4154 Graecam
1055 4089 1196 4140 Claudiurn
1211 4105 1270 4138 uero
1284 4089 1431 4139 comoedias

818 4176 930 4226 Graecas
959 4177 1092 4238 scripsisse
1124 4175 1265 4224 verisimile
1295 4190 1350 4224 non
1375 4180 1429 4237 est,

817 4275 877 4310 curn
896 4260 1039 4310 Suetonius
1057 4275 1078 4309 c.
1096 4258 1144 4321 tr,
1164 4259 1208 4308 ubi
1227 4258 1326 4308 Graeca
1343 4258 1432 4328 studia

817 4346 874 4393 eius
892 4343 990 4406 tangit,
1009 4344 1172 4392 mentionem
1191 4357 1283 4391 aarum
1295 4359 1347 4393 non
1361 4345 1431 4394 fece·

818 4430 859 4477 rit.
877 4428 911 4478 Ut
925 4428 957 4476 de
975 4426 1079 4476 Claudii
1088 4427 1178 4476 fabula
1188 4428 1230 4476 hic
1239 4427 1281 4490 agi
1291 4432 1430 4491 putarent,

819 4515 867 4562 hoe
876 4512 1005 4574 imprimis
1015 4512 1198 4560 Burmannum
1209 4517 1362 4575 ceterosque
1371 4527 1430 4574 per-

819 4598 913 4658 movit,
939 4597 1009 4659 quod
1034 4597 1061 4645 iu
1088 4602 1144 4645 tota
1162 4596 1306 4646 Latinitate
1325 4600 1430 4646 nuIIum

818 4681 969 4743 exemplum
989 4685 1087 4743 exstet,
1115 4695 1168 4744 quo
1194 4681 1287 4730 docere
1305 4681 1428 4744 [abactam

818 4766 921 4814 dicatur
939 4767 970 4814 de
988 4781 1032 4826 eo,
1050 4767 1097 4828 qui
1115 4782 1166 4816 non
1180 4767 1260 4816 simul
1273 4772 1430 4829 auctorest,

818 4854 899 4913 atque
925 4851 989 4899 haec
1012 4866 1119 4914 quoque
1139 4866 1219 4901 cansa
1236 4852 1288 4900 suit
1306 4852 1430 4900 BeroaIdo

1297 4941 1331 4994 ,μ’
