3322 5512
923 314 961 367 SS

157 546 176 569 s
205 554 212 569 .
304 521 348 570 ex
373 496 416 568 iis
441 497 589 569 alterum
610 497 654 569 ab
672 494 836 591 Augusto
852 494 1075 591 precantibus
1093 494 1236 567 assidue
1255 493 1384 566 Marsis
1401 503 1583 589 negatum,

302 621 448 694 alterurn
472 646 493 693 a
515 621 607 693 Divo
629 621 720 694 Iulio
737 620 878 716 saepius
896 620 1107 693 destinatum
1126 642 1168 692 ac
1184 626 1326 714 propter
1344 618 1582 692 difficultatem

301 746 477 819 omissum.
513 745 684 819 Claudiae
718 767 831 839 aquae
865 744 1002 839 gelidos
1036 752 1071 817 et
1106 743 1231 816 uberes
1263 745 1396 834 fontes,
1434 765 1584 838 quorum

275 869 400 943 alteri
428 869 617 961 Caeruleo⁷
652 869 752 942 alteri
778 867 899 942 Curtio
925 877 960 942 et
985 867 1188 962 Albudigno
1213 889 1339 940 nomen
1365 875 1436 960 est,
1462 866 1584 939 simul-

345 1079 406 1137 Tac.
428 1081 507 1137 Aua.
530 1077 595 1136 XII
613 1080 661 1136 13.
702 1078 800 1136 fontes
827 1094 971 1153 aquarum
1000 1073 1180 1134 Simbruinis
1200 1073 1327 1133 collibus
1348 1073 1493 1133 deductos
1515 1072 1583 1132 urbi

299 1185 410 1244 intulit.

339 1291 417 1350 Plio.
440 1291 476 1349 H.
497 1291 535 1349 N.
558 1293 601 1350 36
608 1335 615 1364 ,
636 1292 707 1349 122.
753 1288 831 1349 Vicit
858 1289 1069 1348 antecedentes
1096 1306 1240 1365 aquarum
1261 1288 1370 1346 ductus
1392 1287 1581 1363 impendium

298 1397 397 1474 operis
417 1430 457 1440 —
477 1397 589 1474 peracti
617 1416 634 1455 a
663 1397 801 1470 Claudio,
830 1395 942 1472 quippe
969 1414 987 1453 a
1015 1393 1069 1452 xi.
1089 1393 1190 1471 lapide
1210 1394 1248 1452 ad
1269 1412 1336 1454 eam
1357 1393 1582 1463 excelsitatem,

299 1509 332 1562 ut
362 1521 465 1562 ornnes
497 1502 579 1561 urbis
611 1509 726 1562 montes
758 1502 929 1561 lavarentur
960 1501 1108 1559 induxere
1140 1499 1261 1560 Curtius
1294 1506 1385 1576 atque
1415 1499 1582 1559 Caeruleus

298 1609 396 1668 fontes
417 1616 448 1668 et
468 1609 565 1668 Anien
586 1626 683 1666 novus
703 1607 833 1682 erogatis
853 1607 885 1665 in
905 1606 938 1664 id
952 1624 1028 1683 opus
1043 1606 1080 1665 H.
1097 1606 1126 1666 S.
1150 1595 1307 1686 iMMbffii.

338 1717 474 1775 diaulia.
496 1716 530 1775 de
550 1734 595 1791 aq.
618 1717 649 1786 1,
672 1716 719 1773 13.
762 1714 793 1773 C.
823 1714 932 1773 Caesar
944 1748 991 1801 ¹—
1012 1714 1105 1772 altero
1132 1713 1251 1791 imperii
1279 1714 1327 1772 sui
1347 1732 1423 1772 anno
1444 1747 1483 1756 —
1506 1715 1583 1773 duos

299 1824 407 1883 duetus
438 1821 598 1882 incohavit.
631 1819 717 1894 Quod
749 1838 825 1897 opus
857 1818 1002 1880 Claudius
1033 1819 1330 1894 magnificentissime
1362 1822 1583 1880 consummavit

298 1930 507 2006 dedicavitque
527 1949 553 1987 a.
574 1947 603 2005 p.
625 1946 654 1986 u.
676 1947 700 1987 c.
732 1927 861 1987 DCCCV
891 1925 1027 1986 kalendis
1056 1925 1211 2001 Augustis.
1240 1926 1327 1986 alteri
1355 1945 1462 2015 nomen
1493 1925 1582 2005 [quae

297 2056 337 2096 ex
357 2037 489 2096 tontibus
511 2035 636 2095 Caerulo
657 2042 688 2093 et
709 2033 812 2093 Curtio
833 2031 1062 2111 perducebatur]
1086 2032 1229 2092 Claudiae
1250 2033 1363 2093 datum.
1395 2033 1477 2094 Haeo
1499 2034 1582 2093 boni-

298 2143 368 2202 tatis
388 2142 543 2219 proximae
564 2149 611 2200 est
632 2140 769 2200 Marciae.
792 2141 895 2200 Altera
916 2140 1056 2217 quoniam
1078 2140 1154 2200 duae
1177 2140 1302 2200 Anionis
1318 2141 1349 2199 in
1364 2143 1469 2201 urbem
1485 2162 1582 2220 aquae

297 2251 390 2310 fluere
420 2255 593 2326 coeperant,
625 2255 659 2306 ut
689 2246 807 2306 facilius
827 2248 1077 2324 appellationibus
1098 2247 1337 2322 dinoscerentur‚
1367 2248 1443 2307 Anio
1472 2248 1578 2308 Novus

298 2356 419 2417 vocitari
448 2355 547 2432 coepit
576 2353 660 2432 [alias
688 2354 784 2415 omnis
812 2354 992 2434 praecedit];
1024 2354 1116 2431 priori
1145 2353 1254 2413 Anioni
1275 2373 1438 2430 cognomen
1460 2356 1582 2416 Veteris

297 2462 454 2522 adiectum.

339 2569 565 2645 (Victorsdpit.
587 2569 638 2627 IV
656 2573 683 2628 5.
725 2571 812 2647 Aqua
834 2568 959 2628 Claudia
980 2569 1091 2627 Romae
1112 2567 1291 2627 introducta.

296 2767 341 2815 dio
351 2767 469 2816 alteram
477 2773 634 2830 peractum,
650 2769 782 2816 misissem
791 2769 911 2818 alterum

297 2857 343 2901 est.
370 2850 479 2901 Certum
506 2859 597 2901 tamen
623 2856 664 2901 est
689 2853 754 2902 duos
777 2853 873 2902 ductus
895 2868 911 2901 a

297 2935 361 2986 Gaio
384 2937 521 2987 incohatas
539 2937 621 2986 fuisse
639 2941 743 3001 propter
760 2938 911 2987 testimonia

296 3021 416 3071 Frontini
433 3022 462 3085 1,
480 3021 525 3072 ’13τ
551 3022 576 3071 C.
597 3022 797 3072 Caesar-daos
815 3022 910 3071 ductas

297 3107 432 3155 incohavit
450 3111 477 3156 et
494 3107 572 3156 Plinii
590 3107 620 3156 H.
638 3107 670 3157 N.
688 3105 734 3170 36,
752 3106 808 3156 122.

330 3191 621 3255 alterum-negatum.
665 3192 832 3241 emissarium
875 3207 909 3241 sc.

297 3275 388 3324 Fucini
405 3277 492 3340 lacus,
511 3277 552 3326 hic
570 3278 641 3327 enirn
659 3277 797 3326 infinibus
810 3275 909 3325 Marso-

296 3375 356 3408 rum
369 3365 433 3409 erat.
453 3359 606 3424 Caesarem,
621 3376 654 3411 ne
672 3361 807 3410 emitteret
824 3367 909 3411 morte

295 3450 469 3506 praeventum
500 3460 556 3495 esse
580 3451 715 3496 testantur
737 3445 809 3495 Suet.
836 3446 908 3497 Caes.

295 3527 334 3577 44.
353 3528 487 3579 Plutarch.
506 3529 578 3580 Caes.
596 3529 636 3580 58.

328 3614 622 3664 alterum—omissum.
640 3615 784 3665 Suetonius
794 3615 866 3667 Caes.
876 3617 909 3666 de

295 3713 373 3760 opera
403 3715 419 3748 a
448 3698 558 3750 Caesare
591 3702 724 3750 destinata
749 3716 909 3752 enumerans

294 3797 355 3831 curn
382 3784 414 3832 de
438 3790 514 3846 portu
540 3783 654 3834 Ostiensi
677 3791 777 3850 taceat,
804 3787 909 3837 Ernesti

295 3867 343 3916 boc
367 3868 424 3918 loco
447 3870 565 3918 alteram
583 3885 597 3918 e
615 3875 691 3918 textu
709 3871 793 3920 eicere
811 3873 907 3935 voluit,

294 3952 332 4000 ita
359 3957 389 4002 ut
414 3958 486 4002 totus
511 3955 584 4002 locus
610 3955 642 4002 ad
665 3957 754 4005 lacurn
779 3957 908 4006 Fucinum

965 2764 1062 2816 caedar
1100 2763 1248 2830 (ἐπεχείρει)
1283 2764 1329 2816 καὶ
1363 2764 1478 2832 ναύλοχα
1512 2765 1581 2832 πρὸς

965 2848 1094 2916 τοσαύτην
1115 2848 1252 2910 ἀξιόπιστα
1276 2851 1416 2903 ναυτιλίαν.
1434 2851 1481 2904 καὶ
1500 2861 1581 2906 ταῦτα

963 2931 1012 2999 μὲν
1034 2932 1062 2985 ἒν
1084 2943 1265 3001 παρασκευαῖς
1289 2935 1330 3003 ἦν.
1358 2939 1514 2990 Coniectura
1532 2943 1581 2991 Er-

964 3023 1033 3072 nesti
1050 3023 1133 3087 igitur
1150 3024 1258 3073 omnino
1276 3039 1329 3073 nou
1347 3039 1413 3088 opus
1429 3030 1477 3074 est.

995 3114 1108 3170 propter
1141 3108 1342 3172 difficultatem.
1381 3110 1413 3159 cf.
1440 3111 1580 3161 rhetorum

964 3191 1069 3240 thema:
1104 3207 1142 3242 οιι
1171 3199 1267 3254 portas
1294 3194 1354 3256 fieri
1382 3194 1471 3244 Ostiae
1493 3197 1581 3257 possit

964 3275 1054 3334 Quint.
1072 3276 1091 3324 l.
1110 3275 1139 3325 0.
1157 3275 1193 3324 ΙΙΙ
1210 3274 1240 3339 8,
1258 3275 1298 3326 db.

998 3360 1128 3410 Claudiae
1153 3376 1248 3424 aquae.
1283 3363 1348 3412 haec
1383 3363 1581 3426 concipiebatur

963 3446 1005 3494 via
1021 3444 1176 3495 Sublacensi
1193 3447 1321 3508 (l‘rontin.
1331 3447 1361 3511 1,
1378 3446 1422 3511 td)
1441 3449 1580 3500 ecollibus

963 3531 1122 3581 Simbruinis
1153 3532 1224 3592 (Tac.
1258 3533 1326 3582 Anu.
1358 3533 1393 3583 XI
1423 3532 1468 3596 13)
1499 3550 1579 3599 prope

963 3615 1147 3680 Sublaqueum
1156 3615 1246 3678 (hodie
1257 3617 1381 3682 Subiaco‚
1399 3620 1431 3668 cs.
1441 3619 1500 3670 Tac.
1509 3619 1579 3672 dnn.

962 3699 1020 3748 xlv
1037 3699 1077 3749 11.
1096 3699 1123 3750 C.
1143 3702 1161 3751 l.
1179 3701 1206 3751 L.
1224 3701 1283 3751 xlv
1303 3718 1324 3766 p.
1343 3701 1412 3765 354).

997 3785 1254 3835 Caeruleo-Curtio
1272 3794 1297 3837 et
1315 3788 1480 3851 Albudigno.
1499 3805 1578 3839 accu-

963 3869 1046 3934 ratius
1070 3870 1152 3919 tradit
1178 3871 1294 3921 Frontin.
1321 3871 1351 3934 1,
1383 3871 1429 3921 14:
1463 3872 1579 3924 Claudia

962 3955 1114 4017 coneipitur
1129 3982 1162 3990 —
1179 3972 1213 4007 ea
1239 3957 1362 4019 fontibus
1388 3958 1493 4008 duobus
1516 3975 1578 4009 απι-

294 4040 430 4097 spectaret.
464 4037 512 4087 Sed
546 4042 576 4087 ut
608 4037 808 4104 Oudendorpius
837 4047 908 4091 recte
959 4041 1095 4102 piissimis
1121 4048 1147 4090 et
1172 4044 1313 4106 speciosis,
1343 4042 1470 4093 Caeruleo
1494 4045 1544 4107 pai
1561 4061 1579 4094 α

294 4122 496 4186 animadvertit,
523 4122 666 4172 Suetonius
697 4127 714 4174 l.
741 4128 758 4174 l.
789 4127 908 4189 loquitur

294 4206 325 4254 de
349 4206 470 4268 operibus
494 4208 632 4258 destinatis
659 4211 781 4274 quidem,
805 4212 850 4260 sed
875 4212 907 4260 ob

294 4295 406 4340 mortem
424 4293 482 4342 eius
499 4308 551 4342 non
572 4296 682 4358 coeptis,
708 4296 756 4344 boc
773 4311 834 4345 uero
851 4297 907 4345 loco

293 4375 374 4424 tradit
396 4381 502 4439 portum
521 4377 669 4427 Ostiensem
687 4379 720 4428 ob
737 4378 907 4430 difficultates

294 4459 420 4509 omissum
445 4477 509 4511 esse.
535 4462 641 4511 Accedit
658 4464 728 4526 quod
748 4464 907 4520 Plutarchus

292 4545 374 4594 tradit
391 4544 464 4594 Caes.
482 4545 527 4595 58:
547 4550 578 4609 τῇ
592 4542 616 4595 δ’
631 4543 732 4611 ἔγγιστα
746 4551 791 4611 τῆς
800 4544 906 4612 Ῥώμης

292 4625 413 4693 θαλάσσῃ
432 4626 544 4693 κλεῖθρα
557 4627 600 4679 διὰ
612 4627 748 4694 χωμάτων
759 4628 906 4697 ἐπαγαγών,

292 4709 338 4762 καὶ
356 4709 385 4763 τὰ
404 4709 489 4777 τυφλὰ
506 4711 552 4763 καὶ
570 4711 690 4779 δύσορμα
708 4720 754 4779 τῆς
769 4712 906 4783 Ὠστιανῆς

290 4794 371 4864 ᾐόνος
394 4794 647 4865 ἀνακαθηράμενος,
668 4796 773 4867 λιμένας
796 4797 906 4870 ἐμποιή-

961 4125 1147 4176 .ιι“ιιιι’λιίιιολι”τιο
1178 4129 1329 4190 adpellatns
1355 4135 1395 4178 est
1420 4126 1452 4178 et¹
1474 4129 1578 4181 Curtio.

961 4212 1062 4272 accipit
1078 4217 1103 4260 et
1121 4227 1183 4260 αιιιιι
1197 4212 1300 4275 fontem
1313 4215 1361 4275 arri
1373 4214 1577 4264 oocatarAlbu-

961 4294 1057 4358 dinus,
1076 4301 1169 4346 tantae
1187 4298 1314 4347 beatitatis
1332 4305 1363 4346 ut
1378 4298 1498 4348 Marciae
1510 4314 1578 4362 prro-

961 4393 1013 4441 pae
1044 4381 1182 4430 adiutorio
1213 4383 1336 4444 quotieas
1368 4397 1434 4444 opas
1466 4389 1505 4432 est
1536 4392 1577 4434 rta

960 4465 1082 4528 sufficiat
1099 4471 1131 4512 nt
1147 4466 1297 4514 adiectione
1314 4468 1356 4514 sai
1375 4466 1447 4516 aiod
1461 4482 1495 4517 ear
1506 4483 1577 4530 quu-

961 4550 1037 4599 lr'tate
1059 4552 1117 4599 eius
1141 4556 1233 4600 mutet.
1259 4551 1398 4614 Augustae
1422 4551 1484 4613 fons
1510 4556 1578 4615 qaia

960 4634 1095 4683 Marciam
1121 4635 1174 4683 sibi
1201 4636 1327 4698 sufficere
1353 4637 1514 4701 adparebat,
1547 4640 1577 4687 in

962 4717 1107 4768 Claudiam
1124 4720 1261 4768 derivatus
1279 4726 1331 4780 est,
1350 4723 1577 4772 nannenteailrilo

960 4804 1052 4855 ocinus
1076 4806 1260 4868 praesidiaria
1282 4807 1314 4856 ιἰι
1337 4805 1472 4855 Marciam
1489 4813 1519 4856 ul
1537 4809 1577 4857 ita
