3322 5512
806 335 844 394 43

187 519 466 618 Capitoliumque
500 529 774 616 occupaverant,
809 519 977 593 asserturi
1008 542 1225 593 communem
1251 518 1463 611 libertatom3

228 673 306 732 Suet.
332 673 399 732 (Iovi.
423 677 471 732 ύίι.
514 679 544 733 et
576 680 696 732 senatus
724 673 756 732 in
784 674 944 733 asserenda
972 673 1108 732 libertate
1136 672 1209 730 adeo
1237 670 1401 744 consensit,
1430 675 1464 728 ut

185 781 322 839 consules
349 780 445 856 primo
473 799 531 839 nou
556 780 736 854 incuriam,
765 781 834 858 quia
856 780 933 840 Iulia
954 781 1128 852 vocabatur,
1157 778 1261 838 sedin
1284 777 1463 854 Capitolium

185 894 390 948 oonvooarent.

223 994 337 1070 Joseplo.
367 997 439 1055 Ant.
468 996 533 1055 Iud.
563 997 645 1055 XIX
674 999 707 1068 J,
732 998 785 1067 20,
814 998 871 1053 lot)
897 1015 939 1071 sq.
983 991 1155 1073 προύθεσαν
1180 993 1212 1056 δὲ
1236 992 1288 1055 καί
1312 989 1463 1055 οῖύπατοι

185 1099 373 1182 διώγραμμα
397 1103 486 1167 Γαῖον
511 1103 566 1179 μὲν
591 1100 779 1181 κατηγορίαις
804 1102 989 1178 ποιούμενοι,
1014 1101 1186 1171 κελεύοντες
1210 1099 1241 1162 δέ
1265 1099 1305 1179 τῷ
1329 1123 1363 1162 τε
1381 1098 1462 1177 δύμιρ

184 1208 319 1278 καὶτοῖς
344 1210 542 1289 στρατιώταις
566 1208 617 1272 ἐπί
642 1207 683 1271 τοὶ
707 1208 804 1272 αὐτῶν
829 1207 968 1280 ῶτιέναι,
993 1208 1034 1288 τῷ
1059 1208 1114 1284 μέν
1140 1207 1223 1286 δήμῳ
1249 1207 1368 1279 πολλην
1393 1204 1461 1268 ῶνέ-

185 1340 255 1387 σεως
287 1316 559 1393 ἐπαγγελλόμενοι
590 1314 725 1388 ἐλπίδα,
758 1316 799 1394 τῶ
832 1315 1035 1395 στρατιωτικῷ
1060 1313 1091 1377 δὲ
1115 1318 1227 1390 τιμῶν,
1259 1314 1284 1377 εί
1306 1314 1336 1377 ἐν
1360 1312 1462 1391 κόσμῳ

184 1421 315 1498 μείνειαν
339 1424 380 1502 τῷ
404 1420 521 1486 είωθότι
545 1422 639 1499 μηδὲν
663 1421 793 1505 ὑβρίζειν
818 1421 1000 1504 ἐξαγόμενα
1025 1445 1032 1458 ·
1056 1461 1100 1469 -
1124 1417 1261 1501 ἐφθώκει
1286 1420 1317 1483 δὲ
1335 1420 1388 1495 ἤδη
1406 1424 1462 1482 τῶν

184 1528 352 1604 βουλευτῶν
377 1528 410 1592 τὸ
435 1531 497 1592 τῶν
523 1527 645 1601 πλῆθος
670 1529 897 1606 συνειλεγμένον
922 1527 974 1593 καί
997 1528 1138 1606 μώλιστα
1163 1527 1187 1592 οῖ
1210 1528 1249 1600 είς
1268 1528 1337 1605 (del.
1352 1525 1463 1601 Nabar)

182 1640 233 1699 τού
263 1635 353 1699 Γαίου
384 1633 583 1706 συνελθόντες
616 1634 798 1723 (συνθέντες
829 1635 929 1696 Naber
951 1655 1019 1695 oum
1039 1635 1136 1722 Epit.)
1165 1634 1215 1699 τόν
1240 1634 1330 1716 φόνον
1355 1630 1464 1712 θρώσει

183 1766 216 1805 τε
240 1742 293 1817 ἤδη
318 1743 467 1823 χρώμενοι
491 1743 547 1806 κῶν
573 1745 747 1824 φρονήματι
771 1743 903 1823 μεγώλῳ
928 1742 1008 1815 ὄντες
1024 1744 1061 1814 ώς
1078 1743 1118 1813 είς
1135 1742 1243 1813 αύτούς
1259 1738 1462 1817 ἀνακειμένων

184 1849 217 1922 δη
243 1849 313 1938 (ἤδη
336 1849 441 1937 Epir.)
455 1850 512 1913 τῶν
538 1849 744 1930 πραγμύτων.
1133 1865 1135 1869 ’

221 1957 335 2033 Joseplr.
357 1958 375 2016 l.
397 1957 414 2017 l.
438 1960 473 2031 2,
495 1960 518 2016 l.
543 1960 578 2026 2,
602 1960 768 2016 rut-184.
810 1959 902 2017 oratio
924 1958 1018 2018 Sentii
1041 1957 1193 2018 Saturnini
1215 1956 1355 2016 consulis

271 2108 287 2138 „
379 2109 394 2138 ‚‚
438 2067 473 2138 2,
497 2067 532 2138 3,
557 2068 622 2124 186.
671 2063 874 2144 προεληλύθει
900 2065 931 2128 δέ
956 2066 972 2139 ἡ
997 2065 1049 2146 νύξ
1070 2065 1121 2128 ἐπὶ
1146 2063 1233 2141 μέγα
1257 2062 1309 2126 καί
1332 2061 1462 2141 Χαιρέας

182 2169 214 2233 δέ
238 2177 357 2247 σημεῖον
382 2172 444 2246 ἥσει
467 2171 536 2241 τοὺς
560 2171 714 2245 ύποίτους,
740 2171 764 2236 οἱ
787 2172 819 2234 δὲ
844 2169 1020 2251 ἐλευθερίαν
1046 2170 1162 2234 ἔδοσαν.

220 2278 335 2354 Josept.
357 2278 374 2336 l.
396 2278 413 2336 l.
435 2280 457 2352 ,ό
480 2281 548 2337 188.
592 2277 721 2357 Χαιρέας
763 2277 794 2341 δέ
838 2278 871 2342 τό
907 2286 1026 2355 σημεῖον
1063 2278 1168 2355 λαβὼν
1206 2276 1369 2357 παρεδίδου
1404 2279 1461 2339 τῶν

182 2384 369 2464 στρατιωτῶν
402 2391 464 2454 τοῖς
493 2384 565 2464 πρὸς
589 2385 642 2458 την
668 2387 839 2462 σύγκλητον
864 2387 1081 2458 συνεστηκόσιν.
1115 2379 1190 2457 ἦσαν
1215 2385 1247 2448 δὲ
1271 2385 1311 2454 είς
1336 2383 1462 2462 στείρας

181 2489 349 2571 τέσσαρας,
373 2485 413 2561 οἷς
437 2489 470 2553 τό
494 2490 698 2568 ῶβασίλευτον
723 2492 895 2572 τιμιώτερον
920 2500 973 2565 της
997 2491 1168 2572 τυραννίδος
1192 2492 1356 2571 προύκειτο.

219 2596 338 2675 Ioseph.
350 2598 421 2656 Bell.
433 2596 497 2657 [κύ.
509 2598 545 2657 II
553 2602 590 2672 11,
604 2603 627 2672 1,
641 2603 714 2658 205.
733 2601 749 2673 ἡ
775 2599 805 2662 δὲ
830 2600 1003 2676 σύγκλητος
1024 2599 1232 2683 ἐξηγουμένων
1257 2605 1312 2662 τῶν
1337 2597 1461 2662 ύποίτων

180 2705 303 2770 Σεντίου
334 2703 512 2784 Σατορνίνου
544 2705 595 2768 καί
628 2708 809 2783 Πομπωνίου
841 2708 1007 2772 Σεκούνδου
1030 2708 1122 2788 τρισίν
1147 2715 1214 2777 ταῖς
1238 2705 1461 2784 συμμενούσαις

180 2811 317 2892 σπείραις
347 2811 542 2892 ἐπιτρέψασα
575 2812 747 2894 Φυλοίττειν
779 2816 832 2888 την
858 2812 945 2878 πόλιν
970 2815 1010 2885 είς
1033 2814 1067 2878 τὸ
1092 2814 1288 2878 Καπετώλιον
1312 2809 1460 2892 ἠθροίσθη

180 2919 231 2983 καί
255 2918 305 2983 διόι
328 2919 381 2992 τὴν
406 2917 549 2996 ώμότητα
574 2922 628 2994 την
654 2921 742 2985 Γαῖον
768 2921 905 3001 Κλαυδίῳ
929 2928 1074 2998 πολεμεῖν
1091 2920 1268 3005 ἐψηφίζετο.
1295 2921 1459 2995 Καταστή-

181 3025 291 3091 σεσθαι
315 3024 376 3106 γαρ
401 3027 437 3090 δι’
462 3028 712 3108 ἀριστοκρατίας,
742 3025 840 3109 ῶσπερ
866 3024 912 3092 ούν
938 3029 1040 3093 πύλαι
1066 3029 1215 3108 διῳκεῖτο,
1239 3030 1293 3102 την
1317 3030 1419 3109 αρχην
1445 3028 1460 3102 ἢ

180 3139 280 3213 κρινεῖν
304 3135 400 3215 ψήφῳ
425 3133 473 3197 τόν
498 3133 581 3216 ῶξιον
605 3142 659 3208 τῆς
683 3135 855 3212 ἡγεμονίας.

218 3241 334 3318 Josoplr.
363 3243 432 3299 Ant.
460 3240 524 3299 Iud.
554 3240 636 3300 XIX
663 3245 697 3315 4,
729 3246 765 3316 5,
797 3246 869 3301 263.
912 3242 1037 3305 καὶτῶν
1054 3242 1179 3306 ύτοίτων
1196 3244 1209 3306 d
1226 3239 1323 3322 ἐτερος
1342 3241 1462 3314 Κόιντος

180 3347 360 3424 Πομπώνιος
391 3347 428 3411 δι’
460 3346 560 3419 αἰτίας
588 3342 620 3420 ἦν
645 3349 686 3427 τῷ
711 3350 914 3429 στρατιωτικῷ
939 3353 1061 3426 μαλλον
1087 3350 1123 3422 ῶς
1146 3350 1196 3413 ἐπ’
1221 3348 1381 3432 ἐλευθερία
1405 3351 1459 3422 την

180 3455 351 3530 σύγκλητον
377 3456 576 3533 παρακαλῶν.

219 3563 279 3621 Dt'o
308 3565 362 3636 60,
385 3565 417 3636 1,
442 3565 518 3620 1=
543 3563 614 3622 Zoro.
637 3563 689 3621 XI
713 3567 733 3622 8
754 3584 786 3639 p.
813 3566 883 3623 459.
926 3564 1075 3646 Φυλακύις
1107 3563 1303 3644 ἑκασταχόσε
1327 3573 1381 3637 τῆς
1406 3563 1460 3628 τό-

180 3682 252 3741 λεως
275 3668 300 3732 οῖ
322 3666 434 3733 ύπατοι
458 3669 694 3750 διαπέμψαντες
718 3672 770 3741 τύν
795 3696 829 3735 τε
854 3672 967 3749 βουλίην
989 3673 1020 3742 ἐς
1036 3673 1069 3735 τὸ
1087 3672 1278 3736 Καπιτώλιον
1296 3668 1458 3749 ἤθροισαν,

179 3774 230 3838 καί
248 3773 366 3839 πολλαί
383 3775 435 3839 καί
452 3777 586 3840 ποικίλαι
604 3779 726 3854 γνῶμαι
744 3776 944 3858 ἐλέχθησαν,
961 3785 1023 3848 τοῖς
1036 3777 1092 3854 μὲν
1105 3777 1166 3858 γύρ
1179 3777 1458 3858 δημοκρατεῖσθαι,

178 3891 238 3954 τοῖς
270 3883 302 3946 δὲ
333 3881 560 3962 μοναρχεῖσθαι
592 3882 703 3957 ἐδόκει,
735 3885 787 3948 καί
822 3885 846 3948 οἱ
877 3885 933 3962 μέν
967 3884 1033 3959 τόν,
1066 3885 1090 3949 οί
1114 3885 1145 3948 δὲ
1169 3884 1218 3948 τὸν
1245 3887 1372 3964 ᾑροῦντο.
1405 3886 1458 3947 καί

178 3990 228 4054 δια
258 3995 345 4054 τοῦτο
377 3991 429 4063 την
461 3990 574 4070 ἡμέραν
607 3993 660 4064 την
694 3994 802 4066 λοιτην
835 3992 886 4056 καί
917 3996 970 4066 την
1003 3994 1097 4057 νύκτα
1131 3995 1235 4055 πῶσαν
1267 3990 1457 4070 κατέτριψαν

178 4097 269 4173 μηδὲν
293 4097 516 4168 τελειώσαντες.
545 4138 548 4144 ·

178 4251 248 4299 tibus
265 4265 360 4299 novem
373 4253 522 4313 praetoriis
533 4259 558 4300 et
567 4258 698 4314 ιριιαίὶιιον
707 4253 790 4300 urbo·
846 4249 966 4312 Γαλλίαν,
976 4255 1007 4301 of.
1019 4253 1133 4302 Solrdrer
1143 4253 1236 4301 (lesolr.
1247 4254 1270 4301 d.
1283 4253 1339 4300 liid.
1350 4253 1424 4300 Volk.
1435 4251 1459 4300 12

176 4337 220 4383 nis
236 4333 462 4398 (militaverunt))
479 4352 625 4386 memorem
644 4337 725 4385 fuisse
741 4354 790 4400 pu-
846 4352 869 4399 p.
887 4336 936 4384 372
954 4338 982 4386 Α.
1001 4338 1044 4400 lo)
1063 4339 1173 4387 correxit
1193 4338 1253 4386 Ant.
1269 4338 1324 4386 lud.
1338 4337 1420 4385 XVIII
1436 4337 1458 4399 7,

177 4424 273 4469 temus.
291 4419 411 4483 Accedit,
429 4422 498 4485 quod
517 4423 544 4470 in
564 4424 612 4471 hae
631 4422 790 4484 parteAnti-
845 4423 868 4484 ⁶2,
894 4421 958 4485 ⁸252,
990 4427 1017 4470 et
1046 4437 1115 4484 <puae
1146 4423 1208 4471 Bell.
1239 4423 1295 4470 lod.
1326 4422 1348 4470 ll
1371 4419 1416 4482 lt,
1443 4421 1458 4467 :t

177 4505 313 4568 quitatum
328 4505 705 4570 Iosephussaepiuseorrexit,
721 4524 790 4570 quae
844 4509 983 4570 sumpserat
1006 4507 1121 4556 rrrutarit
1141 4508 1200 4555 Ant.
1225 4508 1281 4555 lud.
1304 4507 1363 4554 ΧΙΧ
1389 4505 1415 4567 d,
1434 4505 1457 4554 θ.

177 4595 256 4639 antea
270 4590 417 4653 scripserat.
432 4590 474 4640 Sio
490 4592 553 4640 Bell.
570 4592 624 4640 lud.
643 4592 697 4655 119,
708 4591 787 4654 ulSt
846 4592 938 4654 ltaque
968 4591 994 4640 C.
1014 4592 1153 4640 Caesarem
1179 4598 1242 4654 puto
1266 4599 1292 4641 et
1313 4609 1456 4642 numerum

176 4676 289 4723 correxit
314 4674 374 4725 Ant.
405 4677 462 4725 lud.
490 4677 572 4726 lllllll
601 4676 630 4740 t,
657 4677 702 4738 lo,
726 4676 789 4738 ‘2373
844 4677 991 4725 cohortium
1018 4677 1178 4725 urbanarum
1197 4678 1300 4726 auxisse
1319 4682 1346 4726 et
1364 4693 1456 4726 novem

177 4758 239 4807 Bell.
255 4759 312 4808 lud.
328 4759 565 4823 1[u‚u‚183(ubi
582 4762 685 4811 Niesius
701 4763 790 4811 minus
846 4763 981 4824 praetoriis
1004 4762 1155 4810 cohortibus
1180 4767 1233 4809 tres
1251 4762 1393 4824 addidisse,
1414 4764 1456 4811 cui

177 4849 246 4893 reete
265 4858 312 4907 pro
327 4845 440 4895 lectione
450 4845 560 4898 tradita:
576 4843 708 4898 Ἵσαανίοιν
718 4847 798 4897 dedit·
844 4847 973 4910 opinioni,
992 4847 1060 4908 quod
1080 4847 1173 4907 sciam,
1192 4846 1264 4895 tituli
1278 4862 1330 4895 uorr
1343 4847 1456 4895 obstant.
