3322 5512
91 517 130 592 O.
157 518 213 591 94.

917 331 974 392 114

356 512 599 614 Triumphalia
636 527 839 593 ornamenta
876 519 1014 611 Silano,
1059 519 1153 592 filiae
1190 537 1277 592 suae
1315 539 1461 615 sponso,
1502 535 1585 592 non·

306 641 388 714 dum
422 642 544 738 puberi
579 642 691 736 dedit,
725 642 914 716 maioribus
949 665 1032 717 vero
1066 651 1151 717 natu
1185 651 1256 716 tam
1291 643 1410 716 multis
1442 652 1587 739 tamque

305 767 425 862 facile,
485 775 523 841 ut
574 767 725 863 epistula
775 767 946 842 communi
996 767 1173 864 legionum
1224 767 1363 841 nomine
1414 768 1587 842 exstiterit

348 955 411 1015 Ibo.
435 957 512 1015 Anu.
533 955 601 1014 XII
619 957 648 1015 3.
690 956 742 1033 qui
768 956 901 1034 (Caesar)
921 957 1121 1018 -iuvenem
1149 957 1306 1036 (Silanum)
1333 963 1364 1017 et
1389 957 1448 1016 alia
1468 956 1586 1015 clarum

303 1063 421 1140 insigne
442 1063 668 1140 triumphalium
688 1098 727 1106 —
747 1065 913 1141 protulerat
932 1064 970 1123 ad
992 1065 1091 1124 studia
1111 1065 1203 1141 vulgi.

343 1170 404 1230 Dio
427 1173 482 1245 60,
506 1172 558 1245 31,
582 1173 606 1230 7.
648 1166 692 1234 ίτι
724 1170 737 1233 i
771 1170 902 1242 Σιλοινὸς
926 1172 1000 1251 ἀνὴρ
1024 1169 1149 1248 dyadis
1173 1169 1343 1254 ἐνομίζετο,
1374 1169 1426 1233 aui
1450 1167 1509 1232 ὑπὸ
1533 1174 1586 1233 τοῦ

304 1276 456 1342 Κλαυδίου
480 1274 570 1350 οὕτως
592 1277 721 1354 ἕτιμοῖτο
745 1275 822 1341 cdere
845 1277 897 1342 nai
921 1277 1081 1350 ἐπινικίους
1104 1277 1199 1356 τιμὰς
1223 1280 1252 1341 ἐν
1278 1275 1365 1340 ποιιοί
1389 1275 1510 1353 λαβεῖν.

344 1385 405 1444 Dio
428 1387 484 1459 60,
507 1386 565 1458 23,
588 1386 617 1442 2.
660 1381 759 1461 ἔνειμε
790 1384 822 1448 δὲ
854 1391 916 1456 τοῖς
948 1385 1004 1463 μὲν
1028 1385 1211 1463 βουλευταῖς
1235 1390 1295 1456 τοῖς
1318 1381 1586 1467 συνεξετασθεῖοίν

306 1491 331 1556 οί
364 1490 422 1562 τοὶς
456 1490 615 1562 ἐπινικίους
646 1490 761 1569 raude,
794 1493 853 1571 οὐχ
884 1486 928 1555 ὅτι
959 1496 1020 1562 τοῖς
1051 1491 1270 1565 ὑπκτευκίτιν,
1302 1487 1374 1571 ὅπερ
1405 1490 1457 1554 aui
1482 1487 1588 1560 ἄλλως

305 1596 522 1680 ἀφθονώτατα
547 1597 600 1661 aab
623 1597 676 1661 ἐπί
699 1604 760 1670 τοῖς
782 1596 963 1678 ἐλαχίστοις
987 1597 1079 1662 ἐποίει
1103 1622 1131 1663 κ.
1156 1623 1184 1662 τ.
1210 1612 1240 1666 λ.

348 1704 411 1764 Tac.
433 1706 513 1765 Anu.
535 1706 585 1765 XI
606 1708 656 1765 20.
698 1705 762 1765 Nec
792 1706 887 1764 multo
914 1712 983 1782 post
1010 1705 1133 1765 Curtius
1159 1707 1257 1767 Rufus
1285 1706 1415 1767 eundem
1443 1705 1587 1763 honorem
1627 1778 1630 1782 Ι

306 1810 542 1889 (triumphalium
563 1811 816 1888 ornamentorum)
836 1812 1028 1889 adipiscitur,
1050 1813 1102 1890 qui
1122 1813 1155 1872 in
1175 1832 1246 1890 agro
1268 1813 1407 1872 Mattiaco
1421 1811 1589 1870 recluserat

306 1937 414 1996 specus
436 1919 614 1997 quaerendis
635 1918 721 1978 venis
742 1918 873 1995 argenti,
895 1919 975 1978 unde
997 1920 1096 1979 tenuis
1116 1920 1233 1980 fructus
1253 1939 1309 1979 neo
1329 1918 1361 1978 in
1374 1919 1498 1994 longum
1512 1917 1587 1990 fuit,

305 2031 337 2084 at
356 2025 524 2102 legionibus
544 2044 613 2085 cum
634 2025 742 2084 damno
762 2025 860 2099 labor,
882 2025 1013 2085 effodere
1033 2026 1128 2100 rivos,
1150 2044 1286 2104 quaeque
1306 2025 1338 2084 in
1351 2030 1454 2102 aperto
1468 2024 1588 2100 gravia,

305 2134 430 2191 humum
456 2132 534 2191 infra
561 2131 667 2191 moliri.
699 2129 773 2205 Quis
802 2133 943 2191 subactus
971 2132 1057 2191 miles
1078 2138 1109 2192 et
1129 2132 1200 2209 quia
1219 2133 1323 2209 plures
1342 2149 1397 2209 per
1417 2130 1589 2208 provincias

307 2239 416 2299 similia
442 2241 659 2314 tolerabantur,
687 2239 838 2316 componit
858 2240 990 2299 occrdtas
1010 2239 1127 2299 litteras
1147 2238 1266 2299 nomine
1287 2237 1491 2311 exercituum,
1519 2255 1589 2314 pre-

305 2345 436 2407 cantium
466 2346 691 2424 imperatorem,
721 2352 769 2420 ut,
800 2345 910 2423 quibus
942 2345 1144 2422 permissurus
1173 2351 1255 2405 esset
1282 2345 1449 2419 exercitus,
1481 2345 1588 2403 trium-

305 2453 406 2531 phalia
425 2459 503 2514 ante·
514 2453 666 2513 tribueret.

305 2634 420 2698 Augusti
437 2639 464 2683 et
481 2634 605 2698 Neronis,
623 2632 668 2695 (ef.
685 2633 744 2682 Tac.
762 2635 779 2682 l.
795 2631 836 2696 l.),
854 2647 916 2681 nam
971 2651 1048 2700 nem,
1065 2637 1110 2685 sed
1120 2636 1202 2686 XVIII
1217 2650 1309 2685 omnes
1318 2639 1438 2684 auctores
1445 2612 1587 2695 tuentur),

306 2720 353 2769 illa
377 2725 465 2769 aetate
491 2720 573 2769 etiam
598 2720 661 2768 viris
684 2719 755 2767 inter
775 2719 918 2782 praetorios
972 2737 1026 2785 qua
1035 2727 1122 2771 aetate
1130 2717 1527 2782 hissaltemtemporibuspueri
1535 2717 1589 2766 Ro-

307 2806 408 2856 allectis
431 2806 625 2869 praefecturam
652 2806 725 2854 illam
749 2805 839 2854 datam
862 2818 918 2853 esse

307 2891 383 2940 docet
400 2892 552 2954 exemplum
570 2888 681 2939 Cornuti
697 2889 824 2951 Tertulli,
842 2889 919 2938 amici
944 2949 945 2953 Ἰ

306 2974 398 3038 Plinii,
430 2975 462 3024 cl.
487 2973 514 3024 O.
538 2974 557 3023 Ι.
582 2975 610 3023 L.
630 2972 690 3022 XIV
713 2971 779 3022 9995
798 2989 828 3015 =
847 2973 918 3022 Dess.

307 3075 333 3109 n.
351 3058 430 3109 toul:
447 3085 481 3092 —
495 3058 635 3122 praefecto
650 3059 744 3108 aerari
755 3055 918 3120 Sa[tu]r[ni]

309 3147 395 3207 legato
406 3159 457 3207 pro
467 3149 595 3206 praetore
599 3140 780 3206 provinaliae]
793 3141 886 3192 Cretae
895 3148 920 3192 et

310 3228 480 3291 Cyrenarum
506 3225 656 3290 a[dl]e[cto]
682 3229 755 3277 inter
768 3229 921 3290 praetorios

307 3329 324 3362 a
341 3314 414 3362 divis
433 3310 626 3376 Ves[pasiano]
646 3318 671 3361 et
691 3311 749 3360 Tito
767 3311 921 3360 censoribus

307 3399 392 3448 aedili
411 3395 538 3460 Ce[reali]
556 3423 596 3446 —.

340 3483 442 3533 Silano.
461 3482 493 3531 de
511 3483 560 3531 hoc
577 3481 649 3531 ciac.
667 3478 707 3529 99.

342 3568 555 3631 {ilaue-sponso.
573 3567 605 3616 cl.
623 3566 655 3615 ad
674 3581 695 3614 c.
712 3563 753 3614 19.

341 3653 465 3702 nondum
480 3652 585 3715 puberi.
612 3650 683 3699 idem
700 3648 782 3698 tradit
799 3648 847 3697 Dio
864 3646 921 3710 (ob,

308 3735 352 3801 31,
371 3735 411 3799 7);
428 3732 456 3785 ἐν
471 3732 553 3785 παισί.
574 3736 693 3799 Uterque
708 3738 798 3782 tamen
813 3733 921 3796 scriptor

308 3837 382 3886 „rem
414 3837 460 3886 per
490 3836 518 3871 se
550 3821 719 3870 inhonestam
751 3832 922 3882 exaggerasse

310 3906 429 3958 videtur’'
447 3904 605 3968 (Mommsen
623 3905 687 3968 Eph.
706 3904 793 3967 Epigr.
811 3903 860 3965 lp.
869 3900 921 3962 69).

309 3993 346 4041 Ex
369 3992 448 4040 titulo
470 3991 541 4039 enim
564 3989 713 4039 Tusculano
736 3986 763 4036 Ο.
781 3987 800 4035 l.
819 3987 846 4035 L.
863 3986 922 4035 XIV

308 4075 375 4126 2500
394 4092 423 4120 =
442 4077 513 4125 Dess.
532 4090 557 4124 n.
575 4073 624 4123 957
643 4071 734 4138 (quem
754 4074 787 4121 ad
800 4077 922 4121 nostrum

309 4163 441 4226 pertinere
467 4162 557 4211 docuit
580 4161 727 4210 Mommsen
745 4161 762 4208 l.
787 4154 922 4220 1.p.63):

311 4246 350 4310 [L.
373 4247 471 4298 Iunius
494 4244 541 4308 M.]
567 4246 587 4308 s.
610 4246 646 4295 M.
670 4262 696 4295 n.
718 4240 841 4304 Silanu[o
863 4243 924 4291 Tor·-

310 4339 409 4396 quatus
433 4333 579 4382 honoratus
602 4328 679 4393 an]n.
700 4329 796 4378 XVIII
812 4326 922 4390 [triuni-

307 4417 410 4479 pbalib.
437 4431 542 4466 ornam.
569 4430 594 4478 q.
618 4430 662 4477 pr.
688 4411 774 4475 inte]r
797 4413 862 4461 ciuis
886 4410 924 4474 e[t

309 4503 467 4567 peregrinos
496 4516 580 4565 pener
608 4500 646 4550 Ii.
672 4499 768 4548 Claudi
787 4495 924 4558 Glaesaria

309 4586 450 4652 Augus[ti]
490 4591 565 4649 patet
607 4585 728 4635 Silanum
762 4583 944 4633 ornamentis

309 4672 516 4736 triumphalibus
540 4672 668 4721 donatum
687 4685 744 4720 esse
763 4684 833 4719 anno
850 4673 923 4718 aeta-

310 4759 344 4808 tis
369 4757 578 4806 duodevicesimo
606 4754 764 4818 (Mommsen
783 4756 800 4803 l.
818 4756 834 4804 l.
853 4753 923 4802 XVII

311 4844 399 4906 legere
416 4842 513 4891 maluit
529 4845 634 4904 propter
651 4840 809 4890 Suetonium
823 4843 851 4887 et
863 4838 923 4887 Dio-

973 2807 1046 2855 mani
1063 2807 1116 2855 iarn
1134 2806 1179 2854 diu
1193 2810 1283 2868 togam
1294 2804 1396 2852 virilem
1406 2807 1586 2865 sumpserant.

1006 2891 1170 2942 Ornamenta
1192 2889 1292 2952 accepit
1315 2889 1372 2938 sine
1392 2887 1472 2936 dubio
1491 2887 1518 2936 in
1537 2887 1587 2935 tri-

973 2978 1073 3040 umpho
1090 2976 1242 3025 Britannico
1258 2973 1293 3036 (a.
1303 2971 1415 3036 latrat),
1432 2987 1493 3022 cum
1508 2972 1589 3021 Pom-

974 3064 1048 3126 peius
1078 3068 1106 3111 et
1133 3061 1241 3111 Silanus
1263 3073 1381 3109 socerum
1400 3056 1543 3106 Claudium
1560 3057 1588 3104 in

974 3148 1138 3197 Britanniam
1162 3145 1294 3206 comitati,
1318 3143 1445 3191 nuntium
1462 3141 1588 3190 victoriae

974 3233 1083 3282 Romam
1116 3232 1296 3293 reportassent
1320 3225 1380 3289 (Dio
1406 3224 1450 3289 ob,
1477 3223 1518 3288 91,
1546 3224 1588 3287 5),

973 3317 1053 3366 verba
1074 3317 1145 3366 enirn
1169 3314 1259 3364 Dionis
1281 3310 1339 3375 (60,
1363 3310 1393 3372 5,
1415 3308 1442 3371 8)
1460 3314 1488 3358 et
1504 3309 1589 3372 ipsius

974 3401 1094 3451 Suetonii
1111 3398 1144 3462 (c.
1161 3398 1206 3460 19)
1223 3401 1316 3448 vetant
1333 3411 1366 3445 ne
1383 3399 1541 3444 ornamenta
1559 3395 1587 3442 in

974 3485 1112 3549 sponsaliis
1129 3485 1192 3534 data
1208 3497 1265 3532 esse
1282 3486 1415 3544 putemus.

1008 3571 1090 3621 dedit.
1109 3572 1141 3620 ci.
1159 3572 1191 3620 ad
1210 3586 1231 3620 c.
1250 3571 1262 3620 l
1280 3565 1409 3628 percepit.

1009 3654 1066 3696 tant
1086 3648 1188 3696 uiuitis.
1214 3663 1268 3698 non
1285 3651 1371 3698 solum
1390 3651 1588 3714 consularibus,

975 3737 1006 3781 ut
1032 3747 1088 3781 mos
1113 3737 1184 3795 erat,
1210 3733 1255 3782 sed
1281 3734 1362 3783 etiam
1388 3735 1460 3798 aliis,
1490 3736 1522 3784 cf.
1542 3735 1590 3784 Dio

975 3815 1020 3880 60,
1044 3816 1090 3881 90,
1111 3816 1141 3865 l:
1162 3813 1230 3866 ὥστε
1248 3814 1352 3880 (Γναῖος
1365 3815 1479 3873 ‘Ouidana
1496 3815 1590 3874 Γέτας)

975 3896 1021 3950 καί
1038 3896 1113 3964 τιμὰς
1130 3899 1286 3962 ἐπινικίους,
1310 3901 1405 3967 καίπερ
1416 3899 1466 3967 οὐχ
1476 3900 1589 3953 ὑπατευ-

975 3982 1047 4046 κώς,
1069 3982 1167 4050 λαβεῖν.
1191 3987 1358 4036 Praefectum
1382 3989 1514 4051 praetorio
1533 3989 1590 4037 liu-

976 4072 1056 4121 Irium
1074 4071 1219 4120 Pollionem
1236 4072 1317 4121 etiarn
1331 4077 1421 4122 statua
1433 4074 1592 4136 triumphali

976 4156 1116 4206 honoravit
1137 4155 1197 4217 (Dio
1220 4155 1267 4220 60,
1289 4155 1336 4220 93,
1359 4156 1394 4218 9).
1422 4157 1491 4216 Quid
1509 4155 1590 4207 Glau-

976 4243 1037 4291 dius
1061 4241 1179 4290 abiecerit
1201 4238 1275 4300 (nam
1299 4242 1395 4291 similia
1412 4257 1481 4305 quae
1499 4248 1592 4292 narrat

976 4327 1049 4377 Suet.
1073 4326 1134 4376 Ner.
1160 4325 1194 4375 l5
1219 4327 1260 4374 vix
1291 4327 1374 4389 primo
1407 4327 1592 4390 quinquennio

977 4411 1088 4461 Neronis
1121 4412 1192 4461 faeta
1226 4410 1300 4473 sunt)
1330 4411 1412 4460 tradit
1439 4411 1498 4460 Tae.
1522 4409 1591 4461 Anu.

977 4496 1038 4545 Xlll
1069 4494 1101 4544 53
1132 4493 1166 4555 (a.
1196 4492 1313 4558 8ll(58):
1347 4495 1457 4554 Quietae
1493 4497 1529 4545 ad
1563 4498 1593 4546 id

979 4588 1084 4643 tenipus
1109 4596 1152 4630 res
1176 4582 1206 4631 in
1230 4580 1380 4630 Germania
1403 4580 1527 4642 fuerant,
1547 4582 1592 4630 in·

977 4669 1057 4730 penio
1075 4667 1188 4731 diruunt,
1207 4667 1255 4728 qui
1270 4665 1440 4727 pervulgatis
1457 4665 1593 4726 triunrplui

977 4751 1131 4813 Insignibus
1148 4751 1239 4798 uiuitis
1256 4763 1289 4798 en
1306 4748 1593 4810 eodearssperabant,

978 4838 1002 4885 si
1016 4850 1114 4898 pacem
1130 4833 1367 4884 continuaoiasent.
