3322 5512
916 323 973 382 144

90 502 130 581 C.
157 509 213 580 28.
306 507 443 582 decreto
477 531 614 603 quoque
640 517 785 581 senatus
810 531 877 582 non
905 509 1069 604 praemiis
1093 509 1195 584 modo
1221 509 1438 605 ingentibus,
1464 505 1590 585 sedet

303 632 511 727 quaestoriis
536 633 789 728 praetoriisque
814 634 1027 707 ornamentis
1052 634 1214 708 honorari
1236 635 1352 709 libens
1371 657 1499 730 passus
1517 644 1589 729 est3

347 811 408 870 Tac.
437 813 516 870 Ann.
545 811 594 869 XI
623 813 667 870 38
693 815 723 888 (6
746 810 878 890 80648).
920 813 1040 872 decreta
1071 812 1212 872 Narcisso
1243 814 1412 890 quaestoria
1442 813 1590 889 iusignia,

302 917 489 976 levissimum
509 919 629 978 fastidio
650 919 730 993 eius,
751 938 820 979 cnm
843 938 934 998 super
955 920 1120 979 Pallantem
1141 926 1172 980 et
1193 920 1352 980 Callistum
1373 925 1484 997 ageret.

347 1026 408 1084 Tac.
430 1027 509 1085 Ann.
532 1025 600 1085 XII
617 1028 660 1085 53
680 1028 718 1103 (a.
742 1025 879 1106 805152).
922 1027 1258 1105 Pallanti—praetoria
1278 1025 1591 1104 insignia-censuit

303 1132 407 1190 consul
428 1132 602 1208 designatus
623 1133 717 1192 Barea
738 1132 876 1192 Soranus,
911 1207 913 1212 .

343 1238 422 1297 Plin.
444 1257 485 1314 ep.
515 1239 573 1297 VII
589 1240 645 1312 29,
668 1241 696 1297 2.
738 1243 785 1298 est
805 1239 854 1298 via
875 1239 1029 1298 Tiburtina
1050 1240 1128 1298 intra
1145 1239 1277 1316 primum
1291 1240 1423 1317 lapidem
1437 1239 1590 1316 (proxime

302 1345 452 1421 adnotavi)
480 1351 705 1405 monumentum
734 1346 878 1405 Pallantis
899 1346 941 1405 ita
961 1347 1154 1423 inscriptum,
1184 1348 1272 1421 „huic
1293 1353 1415 1407 senatus
1436 1325 1483 1406 obv
1495 1347 1589 1406 fidem

302 1453 504 1530 pietatemque
535 1471 605 1529 erga
636 1460 776 1529 patronos
807 1459 979 1512 ornamenta
1009 1453 1157 1530 praetoria
1189 1455 1323 1514 decrevit
1353 1460 1384 1514 et
1412 1454 1587 1514 sestertium

302 1560 415 1619 centIes
436 1559 648 1637 quinquagieS,
672 1560 757 1619 ouius
780 1561 890 1619 honore
910 1565 1068 1619 contentus
1089 1561 1156 1620 fuit.

347 1667 392 1744 Cf.
414 1667 493 1726 Plin.
515 1686 557 1743 ep.
585 1667 658 1726 VIII
678 1670 705 1726 6.

303 1884 364 1918 curn
397 1881 489 1929 parum
523 1866 665 1914 defendant
695 1865 820 1928 titulum,
852 1880 915 1914 eum

303 1953 415 2016 exclusi,
442 1965 606 2015 quamquam
632 1949 688 1998 lieri
712 1954 809 2013 potest,
835 1954 864 1998 ut
880 1950 916 1998 sit

303 2039 436 2101 genuinus
448 2051 497 2085 nec
511 2036 628 2085 multum
638 2035 801 2098 corruptus”
819 2034 915 2083 Statim

304 2127 361 2186 post
377 2121 519 2171 Claudium
537 2135 560 2169 a.
578 2116 670 2182 807154
687 2120 845 2169 interfectus
863 2124 915 2181 est,

302 2213 381 2257 antea
411 2207 487 2254 iussu
519 2204 676 2268 Agrippinae
708 2209 813 2267 propter
836 2205 915 2267 poda-

302 2307 376 2356 gram
394 2292 422 2340 in
440 2304 523 2353 aquas
541 2288 714 2338 Sinuessanas
731 2288 828 2337 missus
845 2286 915 2349 (Tac.

302 2379 369 2427 Ann.
393 2375 441 2425 XII
458 2372 499 2423 66.
523 2372 584 2422 XIII
600 2371 623 2421 I.
643 2373 690 2421 Dio
707 2371 754 2434 60,
778 2369 824 2435 34,
848 2372 864 2420 4
885 2388 915 2415 =

303 2463 363 2512 Zon.
387 2461 422 2510 XI
443 2458 474 2509 11
499 2475 522 2521 p.
546 2455 603 2506 473.
629 2456 729 2506 Seneca
752 2457 854 2519 Apoeol.
872 2453 917 2519 13,

302 2547 339 2608 9).
362 2547 501 2595 Praeterea
524 2543 555 2591 de
578 2557 609 2591 66
626 2543 658 2591 cf.
677 2558 698 2590 c.
715 2539 755 2590 37.
774 2540 832 2590 Τ66.
849 2542 917 2590 Ann.

303 2633 346 2682 XI.
381 2630 429 2680 Xll
464 2625 598 2691 (passim),
633 2626 680 2675 Ilio
714 2625 747 2675 60
784 2623 917 2688 (passim),

303 2718 376 2768 Suet.
403 2716 453 2764 Vit.
477 2714 500 2762 2.
525 2713 600 2775 Vesp.
624 2712 647 2761 4.
669 2711 770 2761 Seneca
787 2711 815 2769 Q.
832 2710 863 2760 N.
882 2710 916 2758 IV

303 2802 383 2866 praef.
401 2799 441 2849 15.
460 2798 564 2861 Apocol.
582 2794 628 2859 13,
646 2796 669 2845 4.
687 2796 710 2845 5.

338 2884 373 2949 [p.
382 2882 442 2946 143]
453 2882 618 2931 Pallantem.
629 2882 670 2930 hic
680 2881 732 2929 fuit
740 2881 851 2929 libertus
861 2879 915 2928 An-

292 2967 390 3020 tonine
408 2969 500 3018 matris
511 2966 629 3028 Claudii,
646 2964 917 3014 cuiusservusadhuc

303 3071 325 3104 a.
340 3051 427 3116 784)31
449 3053 514 3115 fuit,
532 3052 564 3101 cf.
583 3051 685 3113 loseph.
695 3051 755 3098 Ant.
767 3050 823 3098 Iud.
833 3048 915 3097 XVIII

302 3138 332 3201 6,
354 3137 383 3201 6,
401 3135 463 3187 132:
489 3132 622 3184 Πάλλαντι
639 3130 766 3182 ἐπιδοῦσα
784 3129 814 3182 τὰ
831 3129 915 3198 γράμ-

301 3239 371 3286 ματα
397 3226 434 3284 τῷ
459 3215 606 3282 πιστοτάτῳ
633 3222 686 3267 τῶν
708 3215 812 3267 δούλων
834 3214 915 3281 αὐτῆς

303 3303 478 3371 (Ἀντωνίας),
496 3321 550 3368 666
564 3320 634 3354 anno
649 3305 682 3354 ad
696 3304 831 3353 Tiberium
845 3319 915 3351 nun-

302 3394 370 3442 tium
394 3395 422 3439 et
444 3391 605 3439 documenta
628 3389 659 3437 de
684 3388 772 3438 Seiani
793 3389 915 3436 coniura-

303 3479 375 3527 tione
392 3476 544 3537 transtulit,
561 3475 674 3538 ideoque
692 3475 748 3523 sine
766 3474 844 3523 dubio
857 3488 915 3522 ma-

304 3562 440 3611 numissus
452 3566 501 3609 est.
519 3559 609 3621 (Vici.)
626 3560 692 3622 Epit.
702 3557 773 3621 IV8,
782 3563 810 3607 et
818 3559 915 3608 Iulian.

303 3646 376 3696 Caes.
394 3644 444 3694 310
461 3645 481 3694 Β
499 3645 588 3694 minus
606 3651 676 3694 recte
689 3643 792 3693 Claudii
804 3643 915 3692 libertus

303 3731 471 3790 nominatur,
498 3730 567 3792 apud
594 3730 709 3778 Plinium
735 3743 774 3791 ep.
801 3728 860 3777 VIII
885 3728 914 3790 6,

303 3816 336 3865 ts
359 3815 486 3865 Claudius
509 3820 579 3863 recte
602 3819 729 3876 patronus
752 3814 849 3863 dicitur
871 3814 914 3875 tet.

303 3900 384 3950 Gaius
408 3900 443 3949 llI
467 3897 525 3962 53),
550 3900 639 3948 minus
662 3905 732 3948 recte
750 3899 825 3947 ibid:
843 3900 914 3947 ima·

303 3988 401 4049 616666
433 3985 575 4034 Caesarem
607 3985 696 4033 liberti
725 3985 850 4046 precibus
875 3985 916 4033 vel

301 4072 392 4133 potins
419 4069 534 4131 imperio
557 4084 648 4118 coram
666 4076 762 4118 senata
779 4069 915 4132 obtempe-

303 4151 430 4215 rantem).
457 4153 570 4223 Plenum
594 4169 690 4202 nomen
713 4155 737 4202 ei
759 4155 842 4216 igitur
864 4154 916 4202 fuit

303 4239 337 4287 M.
356 4238 488 4287 Antonius
506 4224 641 4300 Augustae
659 4241 675 4287 l.
694 4238 795 4301 Pallas,
818 4253 871 4301 quo
889 4243 916 4287 et

304 4323 377 4372 ducit
409 4337 505 4371 nomen
537 4324 651 4372 consulis
683 4338 705 4373 a.
737 4321 846 4386 sontior
872 4322 915 4385 (ex

304 4408 427 4471 posteris,
446 4413 477 4457 ut
494 4407 612 4470 videtur,
631 4407 723 4469 66163)
740 4408 773 4457 M.
784 4408 916 4457 Antonius

304 4494 398 4542 Pallas
431 4492 505 4551 Quod
540 4491 680 4541 confirmat
705 4493 802 4541 titulus
828 4484 916 4541 liberti

304 4579 361 4627 eius
379 4576 406 4626 C.
425 4578 443 4626 1.
463 4578 488 4627 L.
506 4577 565 4626 XIV
582 4574 648 4625 2833
667 4592 697 4619 =
716 4577 787 4625 Dess.
801 4573 915 4625 61538τ

304 4664 346 4711 olis
376 4650 504 4711 manibus
535 4662 570 4712 M.
602 4661 705 4711 Antoni
736 4661 872 4710 Pallantis
899 4662 915 4710 l.

303 4749 406 4797 Nobilis
431 4747 599 4796 Abascantos
623 4747 692 4809 Anq.
714 4747 787 4808 ‘disp
813 4762 830 4795 a
854 4746 915 4808 fra-

303 4839 394 4882 menta
411 4833 444 4882 de
461 4848 508 4882 suo
526 4833 600 4895 feeit.
624 4831 661 4881 CI.
680 4846 787 4895 quoque
805 4830 832 4880 C.
850 4830 869 4881 l.
887 4830 915 4879 L.

969 1865 1027 1914 XIV
1052 1865 1130 1916 2835:
1157 1867 1195 1916 Ti.
1221 1867 1333 1916 Claudio
1356 1867 1426 1930 Aap.
1446 1869 1461 1918 l.
1480 1867 1590 1918 Phoebo

969 1950 1125 2000 Antoniano
1148 1952 1200 2001 sibi
1221 1959 1246 2001 et
1264 1952 1369 2001 libertis
1387 1952 1589 2015 libertabasqne

970 2033 1027 2094 (ubi
1058 2036 1157 2085 Dessau
1184 2041 1305 2086 annotat:
1339 2036 1398 2100 „hic
1423 2037 1481 2085 sine
1506 2036 1588 2086 dubio

970 2134 1068 2168 nornen
1089 2121 1183 2170 habuit
1200 2135 1215 2169 a
1233 2120 1394 2183 Pallante”);
1419 2120 1446 2170 C.
1464 2120 1484 2170 1.
1503 2120 1531 2170 L.
1551 2120 1586 2169 VI

970 2203 1066 2254 19965ῑ
1085 2206 1133 2255 Dis
1150 2206 1278 2255 Manibus
1296 2206 1332 2256 M.
1345 2205 1482 2255 Antonias
1491 2205 1585 2255 Ascle·

968 2290 1064 2352 piades
1087 2289 1224 2339 Pallantis
1240 2291 1256 2340 l.
1280 2288 1338 2352 (ubi
1356 2290 1436 2340 huius
1454 2289 1586 2339 libertum

972 2374 1113 2423 memorari
1130 2375 1298 2423 verisimilius
1315 2379 1356 2423 est
1373 2389 1455 2438 quam
1468 2374 1589 2424 consulis

971 2455 1112 2521 6981))167
1126 2463 1232 2521 propter
1245 2460 1358 2509 sormam
1368 2459 1535 2521 litterarum,
1554 2459 1588 2508 af.

973 2543 1076 2591 Dressel
1093 2543 1133 2592 ad.
1152 2541 1180 2592 C.
1199 2543 1217 2592 1.
1227 2543 1254 2592 L.
1266 2545 1281 2592 l.
1293 2542 1328 2604 1.).
1347 2544 1386 2592 Ad
1397 2544 1469 2592 hune
1484 2547 1589 2606 spectat

972 2642 1079 2690 quoque
1109 2627 1214 2690 Carpus
1245 2627 1442 2678 Pallantianns-
1466 2627 1493 2677 C.
1520 2628 1539 2678 1.
1559 2627 1588 2677 L.

973 2712 1006 2761 Vl
1028 2711 1094 2761 8476
1119 2728 1148 2754 =
1174 2713 1245 2761 Dess.
1269 2728 1294 2761 6.
1312 2710 1386 2762 1535.
1405 2713 1487 2762 Plura
1504 2713 1537 2761 de
1555 2727 1587 2761 eo

970 2798 1039 2860 apud
1067 2798 1313 2861 Pauly-Wissowa
1335 2797 1421 2846 Reat—
1445 2797 1507 2845 Ena.
1531 2796 1544 2844 1
1563 2811 1586 2859 p.

970 2880 1036 2930 nost
1053 2897 1107 2945 sq.,
1126 2882 1170 2931 ubi
1187 2887 1278 2931 tamen
1294 2881 1454 2931 testimoniis
1464 2880 1587 2929 addenda

970 2972 1034 3016 sunt
1059 2966 1131 3016 Suet.
1156 2966 1206 3015 Vit.
1229 2966 1253 3014 9.
1280 2966 1335 3015 Plin
1362 2965 1392 3015 H.
1411 2964 1443 3015 N.
1461 2963 1586 3027 33,134.

971 3053 999 3101 A.
1022 3049 1114 3114 845i62
1139 3067 1154 3101 a
1178 3052 1281 3100 Nerone
1299 3051 1457 3100 interiectus
1475 3054 1530 3111 est,
1552 3050 1585 3099 cf.

969 3137 1028 3186 Tae.
1047 3137 1114 3186 Ann.
1132 3137 1190 3185 XIV
1207 3135 1248 3186 65.
1268 3137 1314 3186 Dio
1332 3135 1380 3197 62,
1397 3134 1443 3198 14,
1461 3133 1485 3185 3.

1004 3220 1106 3284 [ptus]
1117 3237 1134 3269 a
1144 3222 1305 3271 rationibus.
1315 3222 1347 3271 ci.
1358 3221 1423 3270 Plin.
1434 3235 1473 3283 ep.
1484 3219 1544 3269 Vlll
1555 3218 1585 3282 6,

970 3306 992 3355 7.
1011 3306 1071 3356 766.
1088 3306 1123 3355 XI
1141 3305 1173 3354 10
1184 3322 1206 3369 p.
1216 3304 1273 3354 467.
1292 3304 1349 3362 Quo
1358 3302 1442 3353 officio
1452 3319 1468 3352 a
1478 3303 1585 3352 Nerone

970 3406 992 3439 a.
1010 3389 1102 3453 sosias
1119 3395 1238 3439 remotus
1254 3393 1295 3437 est
1311 3389 1381 3450 (Tac.
1392 3388 1460 3437 Ann.
1471 3388 1532 3437 XIII
1543 3387 1584 3436 44:

969 3477 1088 3525 demovet
1109 3473 1202 3535 (Nero)
1220 3474 1376 3523 Pallantem
1393 3489 1459 3522 cara
1476 3487 1584 3536 reram,

970 3562 1031 3623 qais
1046 3577 1063 3609 a
1079 3560 1191 3609 Claudio
1202 3560 1345 3622 impositas
1354 3559 1426 3608 vellit
1434 3558 1586 3606 arbitrium

969 3647 1048 3708 reqni
1066 3643 1180 3707 agebat).

1002 3732 1108 3780 decreto
1125 3736 1240 3779 senatus.
1258 3732 1414 3776 ornamenta
1427 3726 1500 3775 enim
1512 3741 1585 3776 sern-

969 3831 1014 3878 per
1028 3830 1044 3864 a
1058 3819 1165 3876 senatu,
1179 3818 1286 3863 anctore
1296 3813 1420 3875 principe,
1433 3812 1585 3862 decernun-

969 3906 1025 3962 tur,
1044 3901 1075 3948 ai.
1094 3899 1242 3947 Mommsen
1261 3897 1321 3946 StR.
1340 3894 1364 3944 1³
1382 3894 1430 3944 467
1448 3893 1585 3946 :1²45o

969 3984 1070 4033 Plinius
1087 3981 1139 4045 (ep.
1150 3983 1208 4031 VIII
1223 3980 1250 4043 6)
1260 3981 1335 4030 nobis
1345 3994 1470 4043 magnam
1479 3985 1584 4043 partem

969 4074 1077 4118 senatus
1106 4067 1219 4117 consulti
1246 4067 1272 4115 in
1302 4066 1427 4114 honorem
1456 4064 1585 4114 Pallantis

969 4153 1031 4202 facti
1049 4153 1168 4201 servavit.

999 4239 1134 4300 praemiis
1151 4237 1313 4298 ingentibus.
1341 4233 1454 4283 Pallanti
1472 4238 1585 4282 senatus

969 4323 1069 4371 centies
1092 4322 1269 4385 quinquagies
1286 4319 1437 4369 sestertium
1456 4319 1520 4367 dare
1538 4334 1584 4368 vo-

969 4406 1033 4468 luit,
1051 4420 1121 4468 quae
1138 4409 1228 4453 tamen
1247 4404 1391 4466 recasavit,
1409 4404 1440 4452 cs.
1460 4403 1527 4452 Ptin.
1544 4418 1583 4466 ep.

970 4490 1015 4538 VII
1033 4487 1079 4552 99,
1097 4488 1120 4538 1.
1138 4488 1197 4538 Vlll
1214 4487 1243 4550 6,
1262 4488 1285 4537 1.
1304 4486 1584 4538 smaelitarum.

1003 4575 1165 4637 quaestoriis
1189 4580 1214 4622 et
1237 4575 1382 4636 praetoriis
1405 4575 1583 4622 ornamentis.

970 4660 1107 4709 Narcissus
1117 4660 1275 4722 quaestoriis
1284 4657 1447 4708 ornamentis
1456 4671 1479 4706 a.
1490 4654 1584 4720 sortis

970 4750 1074 4807 propter
1100 4749 1212 4793 mortem
1239 4743 1395 4792 Messalinae
1418 4741 1489 4802 (Tae.
1513 4740 1575 4790 Anu

970 4829 1005 4877 XI
1029 4826 1072 4890 38)
1091 4832 1201 4877 ornatus
1219 4833 1266 4877 est.
1293 4828 1379 4876 Pallas
1396 4831 1488 4875 autem
1506 4841 1583 4888 prae-
