3322 5512
766 348 803 405 41

147 557 250 628 qnam
307 536 494 606 frementes
550 531 721 628 perduxit
792 531 849 605 Ab
909 533 964 605 liis
1029 532 1171 607 lecticae
1236 531 1422 627 impositus
1516 532 1554 604 C.
1584 536 1637 606 lt).

147 666 197 751 et,
240 659 323 753 quia
364 657 418 730 sui
461 657 690 752 ditl'ugerant,
734 657 887 729 vicissim
932 657 1203 731 succollantibus
1240 657 1275 729 in
1310 665 1426 729 castra

184 819 302 897 loseph.
324 824 393 881 Aac.
415 821 479 880 lod.
502 820 589 894 XIX,
613 823 643 894 3,
667 823 695 894 2,
719 824 779 879 221
794 841 836 896 sq.
863 819 1108 902 Συνεστρέφοντο
1123 820 1154 882 δέ
1170 819 1235 899 περὶ
1248 818 1296 882 τόν
1311 821 1423 897 Γράτον

146 928 199 1002 ἤδη
222 927 274 991 καί
298 928 419 1000 πλείους
442 933 498 991 τῶν
523 927 797 1010 σωματοφυλάκων
822 927 873 990 καὶ
895 924 1076 1007 θεωροῦντες
1100 927 1149 990 τόν
1174 926 1322 990 Κλαύδιον
1347 925 1423 1001 άγό-

145 1057 232 1110 μενον
264 1033 502 1118 ἐσκυθρύπαζον
535 1035 605 1116 δόξη
638 1040 689 1099 τοῦ
720 1034 772 1098 ἐπὶ
803 1033 927 1098 κόλασιν
960 1030 1110 1098 ἕλκεσθαι
1142 1035 1197 1098 τῶν
1226 1033 1277 1096 ἐπί
1300 1033 1425 1096 τοιοῖσδε

146 1145 256 1225 ζημιοῦν
281 1143 318 1212 ως
342 1141 437 1221 άνδρα
461 1142 654 1222 άπράγμονα
679 1140 729 1206 διά
752 1141 819 1219 βίον
840 1148 891 1206 τοῦ
910 1142 1025 1212 παντός
1040 1165 1046 1178 ·
1060 1181 1102 1190 -
1115 1142 1192 1212 τινὲς
1209 1141 1241 1203 δέ
1258 1140 1309 1204 καί
1326 1140 1423 1203 αὐτῶν

146 1255 207 1320 τοῖς
238 1243 365 1319 ὑπάτοις
396 1247 547 1328 ἐντρέπειν
580 1247 671 1328 κρίσιν
702 1248 799 1331 ἠξίουν
831 1249 883 1321 την
909 1249 975 1329 περὶ
998 1248 1099 1312 αὐτόν.
1132 1248 1183 1312 καί
1209 1246 1350 1311 πλειόνων
1374 1253 1425 1310 τοῦ

146 1362 357 1448 στρατιωτικοῦ
377 1355 625 1437 συστρεφομένων
642 1356 747 1436 φυγαί
761 1381 795 1420 τε
812 1350 887 1428 ἦσαν
905 1362 956 1420 τοῦ
973 1355 1080 1433 όμίλου
1096 1355 1147 1418 καῖ
1165 1353 1295 1434 προόδων
1312 1353 1424 1433 άπορία

145 1463 185 1543 ’τῷ
218 1463 357 1542 Κλαυδίῳ
390 1464 425 1527 δι’
457 1462 620 1527 άσθένειαν
653 1469 704 1527 τοῦ
737 1463 893 1539 σώματος,
921 1462 989 1526 ἐπεῖ
1012 1461 1064 1527 καί
1087 1462 1112 1525 οῖ
1134 1461 1167 1524 τό
1192 1467 1308 1542 φορεῖον
1333 1462 1425 1524 αὐτοῦ

145 1568 286 1651 φέροντες
311 1570 378 1649 περί
402 1571 454 1636 τὴν
480 1569 625 1649 άρπαγην
651 1571 743 1634 αὐτοῦ
769 1570 904 1640 πύστεως
929 1567 1182 1648 παραγενομένης
1206 1574 1295 1650 φυγῇ
1320 1566 1424 1651 ἔσωζον

145 1676 253 1747 αύτούς
276 1677 333 1740 άπ’
358 1676 484 1747 ἐλπίδος
508 1674 631 1752 θέμενοι
655 1679 709 1751 την
734 1677 880 1756 σωτηρίαν
904 1683 956 1741 τοῦ
981 1675 1139 1741 δεσπότου.

183 1785 298 1860 Josepb.
325 1784 342 1843 l.
364 1785 381 1843 l.
403 1787 425 1860 ,0
449 1785 506 1843 214
528 1805 569 1860 sq.
617 1786 641 1847 οῖ
676 1785 743 1863 περὶ
778 1783 812 1848 τὸ
848 1782 1049 1863 στρατηγικὸν
1085 1783 1289 1859 καλούμενον,
1320 1821 1366 1830 -
1394 1782 1424 1844 ἐν

146 1890 242 1970 βουλῇ
275 1891 342 1971 περὶ
373 1897 433 1961 τοῖς
467 1892 626 1970 πρακτέοις
655 1885 749 1964 ἦσαν,
782 1886 841 1954 όσοι
865 1890 897 1953 δέ
921 1890 974 1954 καί
999 1889 1258 1970 παρετύγχανον,
1290 1889 1344 1962 την
1368 1887 1424 1963 μὲν

145 1998 234 2062 Γαίου
266 1998 408 2086 τιμωρίαν
438 2000 467 2061 ἐν
492 1998 586 2078 όλίγιρ
611 1994 762 2067 τιθέμενοι
787 1998 836 2062 διόι
860 1999 894 2062 τό
918 1997 1003 2062 κατά
1027 1997 1109 2071 δίκην
1134 1996 1217 2076 αύτῷ
1241 1995 1299 2066 τάς
1323 1996 1425 2075 τύχας

146 2102 314 2178 συνελθεῖν,
332 2105 373 2168 τόν
391 2105 422 2168 δέ
441 2105 508 2185 περὶ
520 2106 629 2176 αὐτοὺς
645 2108 863 2170 άνεσκοποῦντο
881 2110 1003 2182 μάλλον
1022 2096 1050 2167 ’όν
1068 2103 1176 2184 τρόπον
1191 2104 1300 2183 σχήσοι
1313 2104 1424 2172 καλῶς.

182 2212 298 2288 Jocepb.
320 2212 337 2270 l.
361 2213 378 2272 l.
401 2215 423 2288 ,ῥ’
447 2216 513 2272 220
534 2233 595 2290 sqq.
637 2220 748 2278 Ταῦτα
786 2215 830 2299 (οἱ
862 2214 1064 2298 στρατιῶται)
1100 2210 1172 2292 πρός
1203 2235 1237 2274 τε
1268 2211 1425 2284 άλλύλους

144 2316 195 2381 καί
227 2318 263 2381 δι’
294 2319 404 2389 αύτούς
435 2320 591 2402 διεξῄεσαν
623 2307 768 2391 καὶτοῖς
799 2322 846 2385 olel
880 2320 1116 2400 προσπίπτουσιν
1151 2319 1315 2399 διηγοῦντο.
1345 2317 1370 2380 οῖ
1393 2316 1424 2379 δέ

145 2422 367 2502 πυνθανόμενοι
400 2424 565 2506 προθύμως
593 2427 735 2508 ἐδέχοντο
760 2430 814 2502 την
840 2428 1020 2508 πρόκλησιν,
1053 2422 1351 2517 συμφράξαντέςιτε
1375 2419 1424 2485 καί

148 2531 393 2612 περικλείσαντες
426 2526 497 2608 ἦγον
522 2535 574 2598 ἐπὶ
598 2541 649 2598 τοῦ
674 2535 881 2614 στρατοπέδου
905 2535 1040 2615 φοράδην
1065 2531 1364 2611 άνκβαστάσαντες,
1389 2531 1425 2602 ὡς

145 2640 187 2716 μη
220 2639 413 2723 ἐμποδίζοιτο
437 2641 538 2710 αὐτοῖς
563 2643 579 2715 η
604 2639 725 2723 ἔπειξις.
751 2643 829 2706 -ό
854 2642 887 2706 δέ
912 2643 1004 2720 δῆμος
1028 2639 1134 2721 φθόνῳ
1159 2664 1193 2703 τε
1218 2639 1289 2717 πρὸς
1313 2637 1423 2710 ἐκείνην

146 2746 217 2831 (τὴν
242 2745 375 2832 βουλήν)
401 2744 697 2824 καθιστάμενος-
721 2747 843 2829 ἔχαιρεν
867 2755 919 2813 τοῦ
944 2747 1094 2812 Κλαυδίου
1118 2756 1154 2827 τῇ
1180 2746 1322 2825 άρπαγῇ.

182 2852 297 2929 Josepb.
325 2853 343 2912 l.
365 2854 382 2911 l.
413 2856 441 2912 2.
474 2857 501 2928 l,
530 2857 598 2913 102.
645 2856 674 2918 ἐν
699 2856 793 2935 τούτῳ
818 2856 853 2928 δη
879 2855 965 2920 όντων
990 2861 1045 2920 τῦν
1065 2853 1258 2935 πραγμάτων
1275 2851 1423 2932 αἰφνίδιον

145 2959 319 3042 άρπάζεται
344 2961 492 3030 Κλαύδιος
516 2963 550 3024 ἐκ
573 2969 627 3034 τῆς
652 2963 754 3033 οίκίας.
1197 2947 1199 2951 ’

182 3067 297 3143 Josepb.
319 3067 390 3126 Bell.
414 3067 476 3126 Ιοιό.
499 3069 534 3126 II
551 3072 591 3144 11,
617 3073 638 3141 l,
656 3073 727 3130 204.
751 3071 841 3134 Γαίου
866 3071 952 3133 δὲ-
967 3067 1224 3151 δολοφονηθέντος
1248 3067 1424 3150 άρπάζεται

145 3174 198 3250 μὲν
222 3173 280 3237 ὑπὸ
304 3175 361 3237 τῶν
386 3175 415 3236 ἐν
439 3174 536 3254 Ῥώμη
562 3175 800 3255 στρατευμάτων
824 3178 864 3248 είς
887 3180 940 3251 την
965 3178 1066 3257 άρχην
1091 3176 1249 3245 Κλαύδιος.

184 3281 243 3340 Da'o
268 3284 323 3355 60,
356 3285 376 3341 l.
407 3283 428 3340 3
448 3308 488 3333 =
512 3283 584 3341 Zoa.
612 3284 663 3341 XI
687 3287 707 3342 8
732 3304 760 3360 ρ.
784 3287 865 3363 450·
910 3285 961 3347 καί
991 3286 1022 3354 ἐς
1045 3283 1078 3347 τό
1104 3282 1308 3362 στρατόπεδον
1333 3281 1422 3344 αὑτὸν

145 3390 274 3466 ἤγαγον.

67 3587 72 3598 “
145 3582 216 3630 nitur
228 3580 301 3630 Caes.
317 3579 357 3629 00.
376 3580 442 3643 Aug.
452 3578 492 3629 83.
512 3581 572 3629 Nen.
583 3579 622 3628 43.
641 3581 716 3643 λίθου.
732 3581 755 3630 5.

146 3666 216 3715 llom.
240 3664 281 3714 21.
305 3666 378 3714 nibil
400 3667 522 3727 anupliua
545 3681 630 3727 ιριισνιι
647 3666 713 3729 Aug.
733 3667 755 3716 7.

144 3749 248 3799 Tium.
267 3747 323 3798 Gai.
333 3748 373 3798 tl.
392 3748 420 3798 (ll
439 3749 478 3799 lb.
497 3749 610 3800 Nen39.
630 3750 755 3800 baiolo.

144 3833 196 3883 Tib.
209 3833 233 3883 0.
251 3835 326 3884 Dom.
338 3831 362 3883 3.
381 3834 428 3883 Hic
439 3840 530 3884 tamen
545 3836 651 3898 unicus,
669 3851 756 3898 quan-

144 3924 201 3967 tum
227 3920 292 3981 scio,
324 3921 397 3968 locus
422 3920 491 3981 apud
518 3919 675 3969 Suetonium
703 3926 756 3983 eat,

145 4003 188 4052 ubi
205 4004 287 4052 etiam
305 4003 462 4052 vocabulum
481 4005 558 4052 alian
576 4005 756 4066 telematius

144 4089 272 4138 omissum
290 4091 337 4136 est.

175 4173 328 4235 frementes.
352 4173 384 4222 cf.
402 4173 505 4235 loseph.
524 4172 553 4221 Α.
573 4173 590 4222 l.
608 4173 668 4222 xlx
686 4174 709 4222 2.
727 4173 755 4237 i,

143 4256 202 4306 lb‘l:
229 4255 306 4305 οἱ-
324 4260 480 4319 στρατιῶται
509 4254 622 4304 συνόδου
649 4254 755 4319 γενομέ-

143 4359 189 4406 νης
213 4339 303 4391 αὐτῶν
329 4337 465 4405 ἀλλήλους,
492 4337 538 4389 καί
564 4339 653 4395 αὑτοῖς
679 4339 755 4405 λόγον

143 4423 229 4480 δόντες
252 4422 312 4488 περὶ
335 4430 388 4479 τοῖς
408 4421 540 4488 ποιητέοις
558 4421 653 4486 ἑώρων
671 4423 754 4488 δημο-

142 4509 252 4574 κρατίαν
269 4507 398 4559 ἀδύνατόν
416 4527 441 4558 τε
454 4507 484 4557 ὂν
496 4506 523 4558 ἒν
536 4506 626 4572 κράτει
640 4508 754 4558 τοσῶνδε

142 4592 174 4643 ἄν
195 4613 258 4644 ποτε
281 4591 402 4658 γενέσθαι
419 4591 582 4658 πραγμάτων
599 4592 755 4658 ἐξικομένην

143 4696 168 4726 τε
190 4676 241 4727 οὐκ
265 4675 304 4727 ἐπ’
330 4675 425 4742 ἀγαθῷ
444 4685 480 4743 τῷ
498 4677 588 4728 αίιτιῖιν
605 4677 754 4743 κτήσασθαι

143 4760 187 4827 τὴν
205 4761 305 4828 ἀρχήν,
324 4762 351 4812 εἴ
364 4760 391 4811 σε’
408 4781 444 4818 τις
457 4768 509 4812 τῶν
522 4762 589 4813 κατὰ
603 4762 647 4813 ἕνα
661 4761 754 4828 σχήσοι

142 4842 188 4910 τὴν
205 4844 361 4912 ἡγεμονίαν,
379 4845 415 4902 εἰς
432 4845 516 4898 πάντα
534 4845 653 4916 λυπηρὸν
666 4845 754 4903 αὐτοῖς

810 3576 874 3629 εἶναι
883 3577 920 3645 μὴ
931 3578 963 3630 οὐ
972 3586 1106 3645 συνεργοῖς
1113 3585 1158 3644 τῆς
1165 3577 1250 3643 ἀρχῆς
1257 3581 1422 3627 καταστᾶσιν.

845 3667 957 3715 lecticae.
989 3682 1044 3715 moe
1063 3667 1114 3714 fnit
1127 3680 1204 3728 enim,
1222 3665 1268 3728 qni
1282 3665 1424 3725 imperator

810 3752 943 3799 salutatus
961 3755 1044 3812 esset,
1062 3751 1156 3799 lectica
1173 3750 1200 3797 in
1213 3753 1300 3798 castra
1311 3749 1422 3810 portani,

810 3835 843 3884 cf.
866 3835 926 3884 Tac.
951 3836 1017 3883 Ann.
1043 3834 1090 3883 llll
1113 3833 1153 3883 69.
1178 3834 1244 3882 Hist.
1262 3834 1272 3880 l
1291 3832 1330 3880 27.
1349 3832 1422 3882 Suet.

812 3920 871 3968 Ner.
890 3919 915 3968 8.
933 3920 1036 3982 loseph.
1056 3921 1071 3967 l.
1090 3920 1106 3968 l.
1125 3918 1155 3983 3,
1172 3917 1202 3981 3,
1220 3917 1276 3966 222.

843 4007 886 4053 snt
911 4006 926 4052 i.
946 4020 966 4052 e.
992 4004 1094 4052 Claudii
1118 4003 1251 4053 lecticaiii.
1280 4003 1352 4051 Hanc
1369 4004 1422 4051 lec-

809 4091 909 4138 tionem
927 4090 1046 4138 codicnm
1065 4090 1119 4138 iam
1137 4088 1308 4137 casaubonus
1326 4090 1423 4150 recepit

811 4190 855 4236 nno
873 4175 1024 4223 coniectura
1042 4176 1113 4223 serni
1133 4175 1249 4236 priorum
1266 4172 1421 4221 editionum.

843 4259 968 4306 vicissim.
994 4265 1023 4306 nt
1040 4259 1152 4306 celerius
1168 4258 1250 4319 inent,
1269 4258 1300 4306 cf.
1318 4257 1420 4319 loseph.

810 4345 825 4389 l.
845 4344 860 4390 l.
879 4340 891 4402 ἕ
908 4341 970 4390 2⁶22:
990 4337 1112 4404 φοραὸῖρν
1130 4337 1361 4405 ἀναβαστάσαντες.

843 4429 1049 4477 auscultantibus
1073 4428 1088 4474 i.
1107 4443 1129 4474 e.
1154 4429 1179 4475 in
1206 4426 1271 4475 collo
1295 4426 1344 4474 sibi
1367 4427 1420 4475 col-

809 4513 957 4561 locantibus
975 4519 1004 4560 ut
1022 4511 1213 4560 circumscribit
1235 4510 1356 4559 Catullus
1374 4509 1421 4572 lb,

809 4596 854 4645 23:
879 4599 909 4645 ln
926 4599 991 4646 collo
1008 4598 1059 4645 sibi
1077 4598 1205 4645 collocare
1220 4604 1317 4657 posset.
1348 4595 1419 4643 Idem

809 4683 917 4730 verbum
937 4683 1071 4729 invenitur
1089 4681 1156 4729 Otho
1174 4681 1203 4728 o:
1222 4682 1304 4729 donce
1319 4683 1420 4728 otinissn

810 4781 887 4814 ιιιονοι
905 4767 1069 4814 succollatus.

842 4856 932 4898 castra
967 4865 1000 4898 sc.
1019 4850 1197 4913 pritetoiiana,
1216 4851 1266 4898 sita
1283 4855 1344 4898 ante
1361 4865 1420 4912 pon-
