3322 5512
767 338 822 406 127

158 508 246 608 ιιιιιι
272 542 310 607 ut
352 557 396 606 ex
439 531 572 605 aerario
615 553 691 626 pop.
725 531 767 603 R.
810 531 1027 622 reficeretur,
1070 538 1191 604 auctor
1223 528 1297 603 fuit
1344 528 1432 603 Cum
1526 528 1563 604 O.
1591 502 1648 611 id

156 659 295 754 regibus
334 657 459 731 foedus
497 656 531 728 in
565 659 640 730 foro
674 655 733 729 icit
766 678 871 751 porca
904 678 1008 728 caesa
1040 678 1082 728 ac
1118 663 1234 728 vetere
1266 654 1435 728 fetialium

155 784 369 880 praefatione
403 781 569 855 adhibita.
604 779 675 854 Sed
701 789 736 854 et
760 779 848 852 haee
874 788 908 853 et
933 787 1050 852 cetera
1074 787 1254 874 totumque
1278 778 1367 852 adeo
1392 802 1436 852 ex

154 917 252 1004 parte
287 931 418 1004 magna
451 905 682 1002 principatum
709 913 874 978 nontam
901 926 965 976 suo
991 928 1097 999 quam
1122 927 1271 978 uxonun
1296 903 1435 977 liberto-

153 1057 299 1129 rumque
325 1031 467 1106 arbitrio
493 1029 768 1121 administravit,
793 1028 875 1102 talis
901 1028 1031 1124 ubique
1047 1029 1270 1125 plerumque,
1295 1029 1435 1124 qualem

153 1181 232 1233 esse
258 1182 337 1233 eum
363 1165 424 1230 aut
450 1155 630 1252 expediret
656 1154 727 1227 illis
752 1161 814 1226 aut
839 1153 970 1227 liberet

192 1311 338 1387 ,Iosephus
358 1311 429 1368 Aul.
451 1308 516 1368 Iud.
538 1308 620 1367 XIX
641 1311 675 1381 5,
697 1310 728 1380 1,
751 1308 788 1380 2,

811 1307 872 1364 274
895 1325 938 1382 sp.
980 1306 1130 1378 Κλαύδιος
1146 1306 1178 1371 δὲ
1190 1346 1234 1355 -
1246 1304 1435 1386 διάγραμμα

154 1414 310 1498 προυτίθει
334 1417 387 1485 adr
412 1417 439 1480 τ’
464 1416 564 1496 ἀρχὴν
588 1412 757 1495 'Appiana
781 1411 934 1490 βεβαιῶν,
959 1451 1000 1461 -
1026 1408 1108 1494 ὅρκια
1133 1415 1160 1478 τ’
1181 1413 1263 1493 αὐτῷ
1290 1410 1436 1489 τέμνεται

155 1524 227 1605 πρὸς
249 1523 299 1587 τὸν
323 1522 508 1603 Ἀγρίππαν
533 1521 585 1585 ἐπὶ
609 1527 665 1592 τῆς
690 1521 809 1599 dyopdc
833 1517 930 1596 μέσας
955 1520 985 1582 ἐν
1009 1528 1046 1599 τῇ
1071 1519 1223 1597 Ῥωμαίων
1248 1520 1347 1594 πόλει.

153 1720 291 1764 narrantes
303 1715 337 1764 de
346 1715 451 1776 criptae
460 1713 517 1762 eius
526 1718 552 1762 et
561 1713 632 1761 laeta
644 1710 766 1770 Tiberim

154 1801 271 1862 aviscapit
287 1814 383 1848 aurant
401 1798 487 1847 libens
503 1796 766 1858 utcoasaapuineus.

155 1883 229 1942 Quod
261 1899 326 1947 opus
353 1888 444 1932 tamen
468 1896 486 1931 a
509 1881 613 1930 Tiberio
638 1879 766 1928 omissum

155 1984 211 2019 esse
235 1984 266 2019 ex
284 1973 375 2019 nostro
392 1970 448 2017 loco
465 1971 546 2031 patet.
564 1967 654 2028 Imago
672 1963 767 2013 veteris

154 2054 246 2117 templi
277 2058 365 2103 exstat
395 2053 423 2102 in
454 2052 573 2101 nummis
599 2049 626 2099 0.
653 2047 767 2098 Considii

156 2139 269 2188 Noniani
282 2135 425 2200 (triumviri
438 2137 577 2186 monetalis
589 2135 658 2185 circa
666 2147 768 2182 annum

156 2219 247 2286 calloo
263 2227 291 2271 et
308 2220 335 2270 0.
352 2220 467 2271 Considii
480 2221 553 2270 Paeti
565 2220 683 2281 (triunrv.
697 2232 767 2266 mon.

157 2320 179 2356 a.
197 2305 313 2371 7115149),
331 2308 363 2357 cf.
382 2307 496 2356 Babelon
515 2308 531 2355 l.
545 2307 562 2354 l.
582 2305 628 2368 lp.
640 2302 697 2352 375.
710 2301 767 2351 379.

189 2398 283 2441 auctor
308 2392 370 2454 fuit.
396 2406 430 2441 sc.
456 2391 525 2454 apud
549 2394 680 2439 senatum.
708 2389 768 2437 lure

158 2476 227 2525 enim
245 2478 447 2540 proconsulatus
466 2475 572 2524 maioris
589 2473 710 2537 princeps
726 2486 768 2520 se-

159 2565 248 2609 natum
259 2560 399 2610 certiorem
408 2559 472 2608 facit
481 2573 572 2608 earum
586 2571 689 2620 rerum,
702 2570 769 2620 quas

161 2643 185 2693 in
210 2649 321 2694 senatus
344 2644 483 2708 provinciis
500 2642 666 2706 corrigendas
685 2645 769 2704 putat.

186 2743 250 2778 curri
270 2730 380 2790 repibua
398 2728 583 2790 foedus-icit.
609 2740 640 2774 ex
658 2725 769 2788 Joseplro

158 2809 226 2873 (Ant.
245 2814 302 2863 lud.
320 2813 380 2862 xlx
398 2811 459 2873 274)
476 2811 610 2874 colligitur
626 2809 768 2858 Claudium

157 2910 176 2947 a.
210 2895 300 2961 794141
334 2913 396 2946 cum
428 2897 556 2960 Agrippa,
589 2895 631 2945 cui
656 2909 769 2957 regnum

153 2979 313 3033 ludaeorum
326 2982 454 3045 dedisset,
470 2981 562 3030 foedus
572 2980 647 3030 icisse
659 2980 687 3028 in
700 2979 769 3040 loro,

151 3064 181 3117 de
219 3081 276 3131 quo
310 3067 366 3116 sine
401 3065 480 3115 dubio
515 3065 557 3114 hic
590 3063 768 3127 cogitandum.

148 3147 270 3208 Quinam
295 3151 340 3200 alii
358 3164 432 3214 reges
449 3149 512 3199 socii
529 3149 629 3197 tuerint
645 3147 720 3208 (nam
738 3147 769 3195 de

143 3237 262 3303 regibus
293 3234 369 3284 sociis
400 3238 506 3282 tantum
539 3246 687 3282 sermonem
713 3245 770 3280 esse

142 3327 225 3372 recte
253 3320 375 3370 observat
401 3318 549 3367 Mommsen
575 3317 636 3367 StR.
660 3317 696 3364 lll
719 3309 770 3364 ’654

137 3399 165 3453 A
193 3405 226 3466 1)
250 3404 391 3452 incertum.
415 3400 592 3466 Cogitandum
610 3406 700 3450 tamen
716 3402 770 3450 for·

136 3488 224 3541 tasse
251 3488 284 3537 de
308 3487 449 3550 Antiocho,
476 3487 518 3536 cui
542 3485 668 3536 Claudius
692 3485 770 3535 Gorn-

135 3582 288 3639 magenen
313 3572 440 3634 reddidit,
470 3572 502 3621 de
527 3572 701 3635 Mithradate,
728 3573 770 3622 cui

133 3653 310 3710 Armeniam
342 3656 428 3719 dedit,
460 3671 527 3720 quos
558 3657 656 3705 Rornae
689 3657 771 3706 fuisse

133 3748 260 3794 constat
279 3738 322 3803 (cl.
341 3741 388 3790 Dio
405 3740 452 3804 59,
469 3740 516 3804 al,
533 3740 557 3790 1.
576 3741 623 3791 Dio
634 3740 680 3804 ou,
698 3741 729 3805 8,
746 3741 770 3790 1.

133 3820 211 3879 Tac.
233 3827 302 3876 Ann.
320 3826 412 3888 1118),
436 3827 547 3876 fortasse
564 3827 645 3876 etiam
663 3825 770 3890 (quam-

135 3922 239 3974 quam
267 3916 373 3974 propter
399 3911 478 3960 verba
504 3912 593 3960 Dionis
617 3911 664 3974 oc,
687 3911 732 3974 23,
755 3911 771 3960 d

136 4006 207 4049 non
237 3997 314 4046 valde
339 3996 481 4046 verisimile
507 4000 585 4059 puto,
616 4010 691 4058 reges
714 3996 770 4044 Bri-

136 4082 252 4134 tannos
271 4081 381 4131 Romam
400 4079 501 4129 venisse
519 4080 551 4129 ad
566 4080 659 4128 foedus
671 4080 770 4130 facien-

139 4165 232 4229 dum)
250 4167 283 4214 de
301 4165 407 4230 regibus
417 4164 557 4214 Britannis.
571 4164 620 4225 (Τὶ,
630 4163 770 4214 Claudium

141 4248 353 4317 Cogidumnum
370 4249 440 4312 (Tac.
459 4249 519 4312 Agr.
537 4248 578 4298 14.
597 4248 624 4298 G,
643 4250 662 4298 l.
680 4250 706 4299 L.
725 4250 771 4298 Vll

81 4391 87 4400 ἱ
143 4333 198 4400 11)
223 4335 356 4398 imprimis
377 4334 511 4398 intellegit
534 4335 680 4383 Mommsen
705 4336 771 4398 1.1.,

146 4433 238 4486 quem
257 4424 347 4468 tamen
363 4420 396 4467 de
405 4419 628 4483 regibustantum
639 4419 772 4469 Britannis

150 4518 308 4556 sermonem
334 4519 390 4553 esse
416 4508 555 4566 putantem
580 4518 633 4552 non
655 4502 771 4567 sequor).

189 4590 295 4654 foedus.
323 4590 371 4639 hoc
397 4588 525 4639 Claudius
547 4589 605 4638 iure
629 4604 676 4638 suo
698 4590 771 4652 tecit,

155 4676 188 4724 ct.
207 4675 250 4724 lex
268 4675 300 4723 de
317 4675 379 4738 imp.
398 4674 473 4738 Vesp.
493 4675 509 4724 l.
527 4673 556 4723 l:
575 4675 700 4736 saedaace
711 4690 771 4724 curn

157 4759 258 4819 uiribus
274 4759 344 4808 uolet
360 4759 451 4822 facere
469 4760 561 4822 liceat,
580 4761 620 4807 ita
637 4760 678 4807 ati
697 4760 772 4807 liarit

176 4845 219 4893 iva
245 4842 316 4906 Aua.
345 4843 383 4893 Τι’.
408 4843 480 4893 Iulio
505 4843 615 4893 Caesari
637 4842 706 4906 Aup.
727 4843 770 4892 Τι’-

822 1709 947 1772 berioque
979 1709 1093 1760 Claudia
1125 1711 1235 1762 Caesari
1265 1713 1336 1778 Aug.
1368 1717 1435 1767 Ger·

821 1796 935 1843 aaronica.

855 1894 935 1942 parca
953 1894 1037 1929 caeca.
1059 1881 1129 1943 apud
1148 1886 1249 1932 ceteros
1265 1898 1372 1947 omnes,
1389 1886 1436 1949 qui

822 1964 854 2012 de
878 1964 1011 2013 fetialium
1035 1965 1087 2014 ritu
1112 1966 1274 2028 scripserunt
1291 1966 1333 2029 (cl.
1352 1969 1435 2034 Marq.

823 2046 870 2096 lll²
888 2064 911 2111 p.
930 2047 980 2097 425
998 2048 1018 2097 Α
1037 2047 1064 2109 5)
1082 2065 1168 2099 sermo
1185 2056 1227 2100 est
1244 2052 1276 2101 de
1289 2068 1371 2115 porco
1383 2069 1435 2104 non

822 2133 854 2181 de
862 2147 953 2196 porca,
972 2138 1076 2197 praeter
1088 2135 1184 2198 Vergil.
1196 2136 1251 2185 Aen
1262 2136 1376 2187 11111641
1387 2154 1392 2189 :
1411 2145 1437 2188 et

822 2233 899 2268 caesa
917 2220 1068 2282 iungebant
1083 2220 1193 2282 foedera
1204 2237 1288 2284 porca
1300 2221 1344 2284 (ad
1354 2239 1435 2288 quern

822 2305 909 2353 locum
920 2305 952 2354 cl.
962 2304 1083 2353 Servium
1093 2310 1121 2354 et
1131 2304 1221 2364 Quint.
1230 2308 1248 2357 1.
1257 2306 1285 2357 Ο.
1294 2307 1434 2374 virtulo:

823 2390 960 2450 quaedam
983 2404 1037 2438 non
1055 2396 1112 2438 tana
1130 2392 1237 2441 ratione
1254 2407 1337 2455 quarn
1356 2408 1437 2443 ceusu

823 2473 994 2536 iudicantur,
1005 2474 1112 2523 utillud
1123 2490 1214 2524 »caeca
1224 2477 1372 2540 iungebant
1379 2480 1435 2542 fae-

823 2557 889 2606 dera
905 2558 1004 2620 porca'
1020 2558 1085 2620 fecit
1099 2560 1207 2622 elepana
1220 2561 1292 2623 fictio
1301 2565 1422 2614 nominis
1426 2580 1436 2625 ;

823 2643 894 2704 arcad
925 2643 948 2691 ci
981 2643 1079 2704 suisset
1109 2659 1203 2709 porco,
1237 2648 1290 2697 uile
1315 2647 1386 2709 erat)
1410 2654 1437 2698 et

824 2727 931 2776 Festum
958 2742 981 2790 p.
1005 2725 1054 2776 234
1077 2728 1123 2778 M.:
1148 2744 1226 2780 caesa
1240 2746 1324 2794 parca
1342 2733 1436 2794 faedus

824 2811 937 2874 firmare
954 2813 1062 2863 solebat.
1081 2814 1146 2862 Rem
1165 2815 1227 2865 insis
1245 2817 1369 2867 Romanis
1386 2819 1436 2867 du-

824 2897 893 2945 biam
911 2897 993 2947 fuisse
1012 2903 1082 2960 puto.

856 2988 991 3033 accolere
1006 2983 1144 3044 fetialium
1159 2987 1340 3048 praelatione.
1356 2989 1436 3038 intel-

823 3068 950 3129 leguntur
977 3067 1067 3131 verba,
1094 3070 1191 3133 quibus
1218 3072 1314 3122 fetialis
1338 3073 1436 3138 magis·

824 3155 925 3200 tratum
950 3152 1058 3215 rogabat
1075 3169 1140 3203 num
1159 3155 1208 3204 sibi
1226 3156 1382 3220 imperaret,
1406 3162 1437 3206 ut

824 3235 917 3285 foedus
935 3237 1026 3285 feriret
1043 3237 1137 3302 (Marq.
1154 3241 1170 3289 1.
1189 3242 1205 3290 l.
1224 3240 1254 3290 Α.
1272 3240 1314 3305 1),
1332 3242 1365 3291 cf.
1383 3241 1436 3292 Liv.

824 3320 835 3368 l
861 3320 907 3384 94,
937 3321 965 3371 5:
997 3322 1095 3372 Postea
1121 3339 1214 3385 repent
1241 3327 1281 3375 ita
1314 3329 1437 3389 rogauit:

824 3405 896 3469 Rea,
922 3406 1027 3467 facisne
1050 3422 1095 3457 rue
1121 3415 1150 3457 tu
1175 3411 1282 3471 rapiam
1307 3415 1437 3463 arcarium

822 3491 918 3552 populi
943 3491 1062 3540 Romani
1090 3491 1252 3557 Quiritium,
1276 3510 1341 3544 cuca
1358 3498 1437 3546 canai·

825 3580 917 3637 terque
933 3577 1026 3624 nicasi
1043 3576 1102 3624 Rem
1120 3579 1274 3640 respondit:
1293 3580 1367 3638 Qrcod
1379 3582 1438 3630 cine

825 3659 994 3721 frarcdemea
1001 3662 1150 3724 populique
1158 3662 1276 3712 Ronraai
1287 3663 1437 3721 Quiritium
1467 3648 1470 3655 ¹

825 3743 889 3807 fiat,
911 3745 989 3806 sacia.
1014 3745 1067 3794 Hoc
1092 3760 1198 3810 quoque
1227 3747 1297 3795 inter
1319 3748 1437 3797 obsoleta

824 3843 894 3890 quae
911 3827 1038 3878 Claudius
1055 3832 1216 3879 revocaverit
1233 3832 1314 3880 tuisse
1327 3847 1436 3895 remque

825 3917 856 3961 ut
880 3913 1014 3962 insuetam
1042 3929 1057 3962 a
1084 3913 1209 3963 Suetonio
1232 3916 1301 3965 tradi
1320 3921 1434 3979 apparet.

858 4012 984 4046 remorum.
1008 3997 1040 4046 de
1063 3996 1205 4046 Messalina
1228 3999 1260 4048 ci.
1284 3997 1368 4063 (San.)
1385 4000 1435 4052 Oc-

824 4081 895 4128 tavia
912 4079 976 4129 950:
1004 4082 1075 4130 rexit
1100 4082 1236 4144 principie
1259 4084 1352 4133 aulana
1371 4100 1436 4135 cara

825 4167 927 4214 nearito
950 4171 1089 4228 partuque
1109 4172 1219 4228 patena,
1243 4168 1274 4215 de
1292 4166 1436 4232 Agrippina

825 4250 857 4299 cf.
875 4250 933 4299 Tac.
945 4249 1013 4298 Ann.
1032 4250 1080 4298 XII
1099 4250 1125 4299 7:
1148 4250 1230 4300 Versa
1247 4255 1435 4317 eaeociuitas,

825 4343 849 4385 cl
868 4342 964 4385 erructa
983 4335 1104 4397 senrinae
1118 4336 1304 4399 oboediebant,
1321 4352 1375 4387 uon
1385 4353 1437 4400 per

826 4423 980 4483 lasciviant,
996 4427 1026 4469 ut
1036 4420 1197 4483 Messalina,
1214 4420 1293 4470 rebus
1302 4421 1436 4472 Ronlaais

825 4506 968 4555 illudenti:
986 4506 1135 4553 adductum
1153 4511 1179 4554 el
1196 4507 1275 4567 qrtasi
1293 4507 1436 4556 uirileser·

825 4591 932 4638 vitiant.

859 4675 1079 4736 libertorumque.
1099 4674 1131 4722 ci.
1149 4673 1181 4722 ad
1201 4689 1221 4722 c.
1239 4672 1279 4723 98.

860 4759 1136 4821 ubiqueplerunrque.
1163 4757 1436 4822 Oudendorpioexpli-

825 4845 896 4893 canti
919 4844 1021 4907 ablatae
1045 4858 1091 4905 per
1113 4845 1189 4892 amni
1211 4857 1241 4892 re
1262 4850 1289 4892 et
1312 4845 1366 4893 loco
1383 4858 1435 4892 non
