3322 5512
860 330 899 389 94

26 513 66 588 C.
93 517 148 586 21.
181 530 203 561 s
242 511 379 587 chestra
417 513 604 607 commisit,
644 538 721 588 cum
756 516 854 611 prius
888 517 983 613 apud
1017 517 1215 613 superiores
1248 515 1355 591 aedes
1389 514 1521 615 suppli-

239 647 370 731 casset,
405 662 537 735 perque
564 638 712 712 mediam
739 665 902 735 caveam,
929 642 1133 716 sedentibus
1160 664 1201 715 ac
1227 642 1411 716 silentibus
1438 666 1521 716 cun-

239 763 320 856 ctis,
355 763 602 837 descendisset.
636 765 738 838 Fecit
771 775 805 838 et
839 766 1064 859 Saeculares,
1099 767 1200 861 quasi
1235 767 1441 863 anticipatos
1477 768 1521 840 ab

238 886 400 982 Augusto
439 912 501 961 neo
539 889 694 983 legitimo
731 890 877 985 tempori
916 900 1131 984 reservatos,
1169 891 1332 985 quamvis
1369 890 1446 988 ipse
1486 891 1520 964 in

282 1088 343 1145 Tac.
365 1090 444 1146 Anu.
466 1088 518 1146 XI
533 1090 573 1146 11.
615 1088 716 1147 Isdem
738 1089 910 1148 consulibus
931 1090 995 1148 ludi
1011 1091 1178 1150 saeculares
1192 1088 1439 1165 octingentesimo
1453 1097 1522 1166 post

239 1194 361 1252 Romam
383 1194 547 1267 conditam,
569 1200 674 1271 quarto
695 1202 726 1254 et
747 1195 949 1271 sexagesimo,
971 1214 1060 1273 quarn
1082 1197 1239 1272 Augustus
1260 1196 1413 1268 ediderat,
1436 1214 1521 1272 spec-

238 1301 292 1358 tati
321 1305 398 1358 sunt.
426 1300 590 1378 Utriusque
611 1300 755 1378 principis
777 1301 907 1362 rationes
927 1303 1148 1379 praetermitto,
1171 1303 1244 1362 satis
1265 1309 1400 1361 narratas
1421 1303 1519 1373 libris,

238 1406 347 1483 quibus
368 1424 416 1465 res
437 1405 625 1483 imperatoris
647 1407 807 1467 Domitiani
828 1409 989 1485 composui.

279 1513 358 1572 Ptin.
384 1514 416 1572 ll.
439 1514 476 1573 N.
501 1516 535 1587 8,
558 1517 622 1572 160.
665 1514 783 1573 Claudii
804 1515 940 1574 Caesaris
962 1516 1160 1575 saecularium
1182 1516 1330 1574 ludorum.

278 1621 358 1680 Plin.
379 1621 416 1680 H.
437 1621 476 1680 N.
503 1624 530 1694 i,
554 1624 618 1679 159.
660 1620 795 1698 utrisque
817 1621 1018 1681 saecularibus
1039 1621 1120 1681 ludis
1141 1657 1179 1664 —
1201 1628 1232 1681 et
1253 1622 1314 1680 divi
1336 1623 1468 1698 Augusti
1490 1629 1521 1681 et

237 1746 312 1804 quos
344 1728 487 1788 Claudius
518 1728 628 1787 Caesar
659 1729 816 1787 consulatu
847 1746 901 1787 suo
929 1735 1035 1804 qrrarto
1063 1729 1150 1799 fecit,
1183 1729 1302 1805 qumrdo
1329 1729 1433 1788 LXIII
1462 1749 1520 1788 non

235 1834 365 1911 amplius
385 1835 456 1893 anni
477 1834 649 1893 interfuere.

281 1941 461 2000 Censorinus
489 1941 541 2014 (erl.
575 1941 771 2015 tlholodnialr)
796 1944 844 2014 II,
871 1944 911 2000 11.
954 1941 1062 2001 Sextos
1094 1941 1206 2018 (ludos)
1235 1949 1336 2000 autem
1368 1942 1445 2002 iecit
1475 1942 1519 2002 Ti.

236 2047 511 2114 ClaudiusCaesar
531 2065 563 2106 se
584 2047 648 2106 IIII
669 2056 700 2106 et
720 2048 754 2106 L.
776 2047 899 2107 Vitellio
922 2048 967 2107 III
988 2066 1047 2107 cos.
1068 2066 1145 2107 anno
1166 2047 1277 2108 DCCC.

279 2155 420 2213 Zosimus
441 2155 518 2213 Hist.
540 2155 613 2214 Nou.
637 2155 689 2230 (ed.
711 2155 911 2230 Mertdelsoleu)
935 2155 968 2214 II
987 2158 1021 2229 4,
1046 2157 1074 2213 3.
1119 2154 1202 2231 uerri
1226 2155 1257 2217 δὲ
1281 2154 1330 2218 riu
1356 2155 1520 2232 Σεβκστὸν

238 2263 386 2333 {mardes
421 2263 541 2337 iesaperu
577 2263 630 2335 τὴν
667 2262 785 2341 ἑορτήν,
822 2263 853 2325 ori
888 2261 1038 2344 Φυλάξκς
1073 2261 1122 2325 riu
1158 2263 1215 2325 riu
1248 2261 1414 2340 ὡρισμένων
1447 2263 1520 2327 ἑτῶν

236 2367 379 2448 ἀριθμόν.

282 2473 377 2534 Victor
403 2476 482 2535 Coos.
504 2476 553 2534 IV
572 2479 615 2534 14.
657 2476 756 2534 Huius
783 2494 860 2534 anno
891 2482 977 2534 sexto
1005 2495 1072 2534 cum
1102 2475 1341 2552 quattuordecim
1368 2477 1520 2551 regnavit,

235 2582 499 2658 octingentesimus
521 2584 603 2642 urbis
626 2584 700 2642 mire
721 2583 897 2642 celebratus.

278 2690 356 2749 Suet.
385 2689 439 2748 Vit.
463 2691 492 2749 2.
535 2690 609 2749 Cum
632 2690 798 2749 saeculares
819 2689 907 2748 ludos
928 2688 1028 2747 edenti
1051 2689 1199 2766 (Claudio)
1221 2689 1432 2764 gratularetur.

277 2797 355 2856 Suet.
378 2797 464 2856 Dour.
487 2799 515 2855 4.
556 2797 639 2856 Fecit
667 2806 698 2856 et
726 2797 892 2855 saeculares
920 2801 1091 2872 computata
1118 2796 1231 2855 ratione
1261 2802 1431 2872 temporum
1462 2815 1521 2855 non

235 2922 293 2979 quo
315 2903 459 2964 Claudius
480 2903 630 2981 proxime,
654 2904 707 2962 sed
730 2922 788 2980 quo
809 2903 881 2961 olim
903 2905 1060 2978 Angustus
1082 2902 1226 2962 ediderat.

235 3136 341 3197 (scaena
363 3138 434 3186 enirn
458 3140 514 3189 sola
536 3137 674 3188 combusta
697 3142 847 3197 erat,cun1

235 3222 288 3270 alia
311 3223 400 3271 ornnia
423 3237 437 3271 e
460 3223 546 3286 lapide
564 3224 634 3271 facta
651 3219 764 3284 essent),
789 3236 847 3283 pro-

235 3308 398 3369 miseratque
423 3307 542 3356 Tiberins
565 3321 593 3356 se
616 3307 703 3355 denuo
726 3306 753 3354 id
771 3306 848 3354 resti·

235 3397 327 3440 turum
354 3406 410 3440 esse
436 3391 505 3454 (Tac.
532 3391 600 3440 Ann.
626 3391 662 3439 Ill
690 3389 741 3453 75).
778 3391 847 3439 Nnrn

235 3481 325 3525 tamen
344 3491 409 3538 opns
427 3477 565 3539 perfecerit
579 3477 719 3526 incertum.
738 3475 850 3524 Perfecit

235 3561 382 3610 secundum
414 3560 535 3611 Taciturn
566 3561 633 3610 Ann.
663 3561 697 3609 Vl
723 3560 767 3620 aa:
795 3561 847 3609 duo

235 3661 317 3710 opera
328 3647 445 3708 strauit,
462 3647 593 3708 tenrpluru
602 3647 724 3708 Auqusto
738 3652 763 3695 ct
774 3660 847 3694 scae·

235 3747 301 3781 aaut
313 3732 478 3794 Pompeiani
490 3732 590 3780 tlreatri
597 3747 606 3790 ,·
621 3745 706 3794 eaque
713 3730 848 3792 perfecta,

235 3822 390 3878 contemptu
407 3816 563 3864 ambitionis
578 3830 615 3864 aa
624 3830 675 3877 per
686 3820 849 3865 senectutem

235 3901 308 3949 lraud
334 3901 483 3951 dedicauit.
509 3900 640 3949 Velleium
665 3900 687 3948 ll
710 3898 772 3948 130:
802 3898 848 3948 Cn.

234 4000 341 4047 quoque
357 3984 484 4046 Pompeii
501 3988 617 4034 urunera
630 3984 778 4046 absitmpta
789 3985 848 4046 iqui

234 4070 354 4118 restituit
379 4074 406 4117 et
432 4069 542 4117 Dionem
569 4067 615 4128 60,
640 4067 669 4131 (i,
696 4066 725 4116 8:
757 4061 847 4129 ἐπειδὴ

234 4150 381 4202 aaudriaar
389 4148 472 4216 αὐτὴν
480 4147 686 4216 ἀνῳκοδομήκει
696 4146 848 4215 (Τιβέριος).

235 4237 293 4286 Non
321 4237 430 4299 perfecit
455 4237 602 4286 secundnm
629 4235 702 4285 Suet.
728 4235 785 4284 Tib.
803 4234 848 4283 47:

168 4367 178 4385 ι
233 4322 352 4383 Augusti
362 4322 495 4383 templum
506 4322 761 4381 restitutionemque
770 4319 848 4368 Pom·

233 4407 329 4467 petant
348 4405 445 4454 theatri
463 4405 626 4468 imperfecta
641 4411 703 4467 post
715 4411 752 4453 tot
764 4419 849 4453 anuos

235 4491 356 4553 requuit.
389 4489 445 4538 Gai.
472 4489 518 4538 Ii:
550 4504 633 4551 opera
666 4489 715 4537 sub
744 4489 849 4538 Tiberio

234 4575 439 4637 centiperfecta,
472 4575 603 4636 tenrplum
630 4572 748 4635 Auqusti
775 4572 849 4623 toea-

236 4664 364 4720 lrruuque
389 4659 515 4720 Pompeii
540 4658 663 4707 absolvit.
694 4658 759 4706 Mihi
784 4673 850 4720 opus

235 4757 251 4791 a
273 4742 375 4791 Tiberio
399 4757 452 4791 non
481 4742 627 4805 perfectum
647 4743 728 4792 luisse
754 4742 849 4792 Sueto-

236 4826 350 4889 niusque
368 4827 417 4875 hoc
434 4831 505 4875 recte
517 4827 655 4875 tradidisse
667 4827 785 4890 videtur,
803 4827 850 4890 qui

902 3141 993 3185 tamen
1017 3141 1106 3186 nostro
1128 3138 1183 3187 loco
1201 3137 1386 3201 neglegentiae
1403 3151 1521 3200 arguen-

902 3222 952 3271 dus
984 3227 1037 3284 est,
1069 3238 1130 3271 curn
1162 3223 1217 3285 ipse
1249 3221 1317 3283 (Gai.
1346 3221 1391 3282 Il)
1422 3220 1520 3271 Goinrn

902 3321 968 3369 opus
985 3307 1126 3356 absolvisse
1144 3307 1284 3370 scripserit.
1302 3305 1444 3355 Claudiurn
1462 3311 1521 3355 tan·

903 3397 961 3440 tum
992 3392 1130 3440 theatrum
1161 3392 1322 3441 dedicavisse
1348 3395 1387 3453 et,
1414 3395 1446 3439 ut
1472 3391 1521 3440 Dio

903 3476 998 3538 tradit,
1037 3476 1235 3538 inscriptionem
1271 3491 1331 3525 curn
1366 3475 1521 3524 nominibus

903 3560 1034 3624 Pompeii,
1053 3560 1150 3609 Tiberii
1167 3564 1195 3608 et
1212 3560 1253 3608 sui
1271 3560 1299 3609 in
1312 3573 1407 3608 scaena
1418 3559 1520 3610 inscul-

903 3644 1015 3707 pendam
1034 3645 1166 3694 curavisse
1184 3645 1308 3706 putarim.

937 3728 1288 3778 tribunali-inorchestra.
1306 3728 1419 3777 editores
1428 3729 1520 3777 sedere

902 3814 1021 3863 solebant
1052 3814 1080 3862 in
1112 3813 1238 3862 tribunali
1271 3813 1299 3874 in
1320 3813 1418 3865 ¹deutra
1445 3817 1521 3875 parte

902 3912 1026 3959 scaenae,
1052 3898 1084 3947 cs.
1111 3897 1215 3960 loseph.
1241 3897 1303 3948 Ant.
1329 3897 1385 3946 lud.
1412 3897 1474 3946 XIX
1491 3896 1521 3960 t,

903 3982 949 4046 13,
976 3981 1007 4031 91
1033 3980 1133 4045 (agitur
1157 3982 1188 4030 de
1207 3982 1276 4031 ludis
1293 3981 1435 4045 PalatiniS,
1453 3997 1521 4045 quos

903 4068 1024 4130 princeps
1041 4065 1160 4126 edebatlz
1188 4062 1275 4124 δεξιὸν
1292 4061 1322 4114 δὲ
1339 4069 1384 4114 τοῦ
1402 4060 1520 4128 θεάτρου

902 4147 983 4213 κέρας
1013 4147 1028 4196 ὁ
1056 4147 1160 4212 Καῖσαρ
1189 4145 1257 4213 εἶχε,
1285 4150 1369 4214 Marq.
1392 4149 1453 4200 Stv.
1471 4148 1521 4199 lll²

903 4233 953 4283 536
970 4235 992 4282 A
1009 4233 1032 4283 2.
1060 4235 1081 4282 Α
1099 4250 1153 4297 qua
1176 4235 1369 4285 consuetudine
1391 4233 1521 4305 Claudius

903 4321 1018 4369 recessit.

936 4405 1091 4464 superiores
1126 4404 1212 4453 aedes.
1265 4405 1406 4467 Pompeius
1440 4421 1521 4469 super

903 4503 1011 4536 caveam
1045 4488 1144 4537 theatri
1175 4491 1306 4552 ternplum
1339 4493 1520 4553 exstruxerat,

904 4572 935 4621 cl.
962 4570 1078 4621 Gellium
1104 4571 1151 4634 to,
1177 4571 1200 4622 l.
1228 4572 1256 4620 7:
1282 4588 1345 4621 artur
1370 4573 1520 4637 Pompeius

904 4658 999 4706 cedent
1016 4656 1149 4706 Victoriae
1158 4658 1334 4707 dedicaturus
1343 4658 1427 4722 soret,
1442 4661 1520 4709 arius

904 4743 1007 4803 proclus
1022 4743 1077 4791 vice
1091 4743 1191 4791 tlreatri
1204 4749 1291 4792 essent
1316 4741 1473 4793 Tertullian.
1487 4745 1520 4793 de

904 4826 1044 4889 Spectitl:
1064 4827 1394 4893 EtPontpeiusMoyaus,
1413 4830 1520 4879 theatro
