3322 5512
86 502 124 576 C.
152 505 207 574 ll.

916 320 972 378 170

351 504 395 574 lit
433 525 566 575 veneno
603 501 744 597 quidem
783 503 932 575 occisum
973 503 1152 590 convenit3
1197 503 1255 577 ubi
1293 517 1410 577 autem
1451 514 1485 577 et
1523 528 1591 601 per

344 664 404 722 Tac.
437 665 516 722 Ana.
549 663 619 724 XII.
654 666 702 722 66.
745 663 820 722 Tum
852 664 1018 741 Agrippina
1050 664 1172 724 sceleris
1204 665 1275 724 olim
1304 671 1385 724 certa
1413 671 1444 724 et
1471 665 1590 725 oblatae

299 771 461 830 occasionis
489 789 615 847 propera
635 789 690 830 nec
712 770 915 830 ministrorum
936 789 1043 846 egens,
1072 772 1109 830 de
1130 789 1240 847 genere
1261 771 1368 830 veneni
1389 771 1589 844 consultavit,

299 895 336 936 ne
372 878 526 954 repentino
562 886 593 936 et
623 877 780 954 praecipiti
810 878 927 937 facinus
958 879 1150 954 proderetur;
1187 877 1212 936 si
1244 878 1360 936 lentum
1391 885 1422 937 et
1452 878 1588 937 tabidum

300 984 476 1060 delegisset,
504 1002 542 1042 ne
569 983 707 1042 admotus
736 984 885 1061 supremis
912 985 1056 1044 Claudius
1081 991 1113 1045 et
1133 985 1201 1045 dolo
1222 985 1375 1044 intellecto
1396 985 1434 1043 ad
1454 1003 1589 1044 amorem

300 1090 354 1148 filii
375 1090 495 1149 rediret.
516 1089 711 1167 Exquisitum
724 1090 840 1167 aliquid
854 1090 1005 1166 placebat,
1027 1092 1107 1168 quod
1122 1093 1255 1151 turbaret
1269 1096 1400 1151 mentem
1416 1098 1447 1150 et
1461 1097 1588 1149 mortem

300 1197 441 1256 differret.
470 1197 618 1273 Deligitur
637 1197 748 1256 artifex
768 1197 874 1257 talium
895 1198 1038 1257 vocabulo
1058 1197 1205 1271 Locusta,
1227 1216 1324 1274 nuper
1344 1196 1481 1256 veneficii
1503 1197 1588 1254 dam-

299 1308 368 1362 nata
388 1311 419 1363 et
439 1305 491 1362 diu
512 1304 591 1363 inter
610 1304 809 1363 instrumenta
830 1304 915 1379 regni
936 1305 1044 1363 habita.
1066 1304 1140 1363 Eius
1163 1303 1297 1363 mulieris
1316 1303 1435 1379 ingenio
1449 1309 1588 1380 paratum

301 1411 397 1483 virus,
419 1410 505 1469 cuius
526 1411 663 1470 minister
680 1429 696 1470 e
712 1411 894 1488 spadonibus
908 1411 966 1469 init
980 1411 1120 1485 Halotus,
1141 1411 1252 1470 inferre
1266 1411 1371 1487 epulas
1385 1415 1416 1469 et
1430 1411 1589 1486 explorare

299 1524 391 1591 gustu
413 1517 527 1576 solitus
549 1517 619 1589 (67).
641 1518 784 1594 Adeoque
806 1524 914 1576 cuncta
935 1536 1005 1575 mox
1019 1522 1212 1594 pernotuere,
1234 1523 1269 1575 ut
1283 1524 1451 1593 temporum
1465 1516 1588 1575 illorum

301 1623 460 1699 scriptores
480 1624 668 1701 prodiderint
688 1624 821 1683 infusum
844 1623 1013 1683 delectabili
1034 1624 1132 1682 boleto
1154 1641 1317 1697 venenum,
1338 1658 1386 1682 -.

340 1729 400 1788 Dio
424 1733 478 1804 60,
501 1732 559 1804 34,
583 1732 604 1788 2
624 1750 666 1806 sq.
688 1756 729 1780 =
751 1730 823 1789 Zon.
847 1731 897 1790 XI
916 1732 948 1787 11
964 1749 996 1805 p.
1020 1732 1091 1788 472.
1133 1729 1171 1799 ὡς
1207 1729 1238 1792 δὲ
1274 1730 1382 1799 ἐκεῖνος
1415 1729 1496 1793 οὐδὲν
1527 1729 1587 1792 ὑπὸ

301 1842 351 1900 τοῦ
376 1835 467 1910 οἴνου,
492 1829 522 1899 ir
547 1838 642 1900 πολὺν
667 1837 717 1900 risi
739 1861 814 1900 ποτε
840 1836 939 1909 ἔτινε,
964 1836 1017 1900 zai
1041 1836 1098 1899 ὑπὸ
1123 1843 1176 1908 της
1199 1834 1299 1908 ἄλλης
1319 1835 1453 1909 dixitne,
1478 1832 1588 1915 ᾖτρὸς

300 1945 443 2022 Φυλονκην
469 1950 553 2025 σφων
571 1944 595 2006 οἱ
610 1943 829 2023 αὐτοκράτορες
848 1948 1003 2023 χρῶντνοο,
1028 1941 1200 2007 κοινοῦσθαι
1219 1944 1365 2017 ηδύνοοτο,
1391 1943 1587 2007 Λουκοῦοτοέν

300 2075 366 2114 rar.
399 2049 589 2132 φνρμοοκίδνο
622 2048 799 2128 περιβόητον
831 2050 1080 2129 parentatum,
1113 2049 1165 2113 axi
1197 2046 1365 2130 <piperatis
1390 2074 1418 2113 το
1443 2048 1586 2130 ἄφυκτον

301 2157 622 2236 τροκοοτνοκεννὶοοοοοο
648 2155 677 2226 ἒς
701 2181 769 2220 arax
793 2157 850 2220 τῶν
875 2156 1069 2233 κηλουμένων
1094 2158 1234 2232 μυκήτων
1259 2156 1399 2233 ἐνέβνολε.
1432 2157 1483 2219 κν)
1507 2158 1587 2229 adria

300 2265 355 2340 μὲν
380 2266 414 2326 ἐκ
437 2271 493 2327 τῶν
518 2263 621 2327 ἄλλων
646 2262 768 2338 ἤσθιεν,
793 2265 903 2327 ἐκεῖνον
928 2265 959 2326 δὲ
984 2265 1018 2326 ἐν.
1041 2270 1093 2327 τοῦ
1117 2264 1151 2327 τὸ
1176 2264 1343 2345 <adparata
1364 2263 1506 2344 ἔχοντος,
1531 2266 1585 2328 uzi

300 2371 361 2449 γὲιο
385 2366 532 2447 μέγιστος
556 2371 607 2433 rai
631 2370 798 2441 κνέλλοττος
822 2365 873 2443 ἦν,
898 2377 1016 2452 φυγεῖν
1042 2370 1172 2443 ἐποίησε.

340 2474 419 2536 Ptin.
448 2477 466 2535 l.
494 2478 511 2534 l.
538 2477 590 2535 XI
607 2479 673 2536 189.
715 2479 816 2554 (caput
836 2478 943 2537 iecoris
964 2478 1071 2553 detuit)
1093 2477 1217 2537 Claudio
1238 2511 1277 2520 —
1298 2497 1357 2555 quo
1379 2497 1480 2537 mense
1494 2478 1587 2538 inter-

300 2589 420 2660 emptus
441 2590 488 2643 est
508 2603 629 2644 veneno

340 2691 418 2750 Ptin.
451 2692 468 2750 t.
497 2691 514 2750 l.
542 2691 578 2750 II
602 2693 651 2750 92.
694 2692 774 2751 circa
800 2692 994 2766 veneficium,
1026 2711 1085 2769 quo
1114 2692 1258 2751 Claudius
1287 2692 1396 2751 Caesar
1424 2691 1587 2768 imperium

300 2798 423 2875 reliquit
444 2799 573 2858 Domitio
595 2799 715 2859 Neroni.

347 2905 443 2964 Victor
468 2906 546 2964 Caes.
568 2906 587 2964 I
592 2905 622 2962 V·
634 2908 681 2964 13.
724 2904 805 2978 Quae
826 2905 940 2983 (fratris
962 2905 1033 2981 lilia)
1057 2941 1092 2947 -
1115 2924 1229 2965 veneno
1250 2905 1406 2981 coniugem
1424 2905 1586 2964 interemit.

348 3011 443 3070 Victor
462 3013 543 3088 Εηνοό.
568 3012 618 3070 IV
635 3015 679 3071 10.
721 3030 797 3089 quae
819 3046 858 3055 —
880 3013 989 3072 dehinc
1009 3012 1108 3088 ipsum
1124 3013 1280 3088 coniugem
1295 3030 1409 3071 veneno
1422 3012 1585 3071 interemit.

340 3117 473 3194 (Seneca)
500 3118 619 3178 Octavia
640 3122 706 3177 164.
748 3118 870 3178 miscuit
891 3119 1022 3178 coniunx
1044 3119 1106 3178 viro
1127 3137 1242 3178 venena
1263 3136 1358 3178 saeva.
1391 3118 1435 3178 of.
1452 3120 1506 3192 23,
1529 3121 1586 3192 30,

301 3227 355 3295 44,
379 3226 443 3282 102.

339 3331 454 3406 Joscplt.
482 3333 552 3390 Ant.
579 3332 644 3391 lad.
673 3333 740 3391 XX
760 3335 791 3406 8,
823 3335 852 3406 1,
875 3335 941 3391 148.
984 3339 1116 3416 τελευτᾷ
1133 3333 1164 3395 δὲ
1182 3333 1585 3412 iactatiactat-ext

301 3436 392 3513 λόγος
428 3432 459 3509 ἦν
492 3438 577 3517 πυροί
608 3464 709 3513 τινων,
750 3441 787 3510 ὡς
817 3441 875 3504 ὑπὸ
907 3449 961 3513 τῆς
994 3441 1135 3517 γυνοονκός
1165 3438 1374 3519 Ἀγριππίνης
1405 3438 1585 3520 <papatum

300 3546 437 3624 οὶνηρητο.

341 3653 542 3712 Philostratus
576 3654 630 3712 Vit.
657 3655 751 3730 Apoll.
774 3656 820 3732 (ed
840 3655 956 3730 Kapser
977 3655 997 3713 I
1008 3674 1041 3730 p.
1064 3654 1141 3728 189).
1184 3653 1233 3716 cir
1258 3653 1391 3733 χρηστὸν
1416 3655 1585 3727 Κλαύδιον,

300 3761 338 3830 ὡς
368 3760 426 3823 ὑπὸ
457 3759 586 3836 γυνκίων
618 3759 761 3834 ἡττηθεὶς
792 3760 969 3824 ἐπελάθετο
1001 3766 1052 3824 τοῦ
1084 3758 1208 3840 ἄρχειν,
1242 3759 1329 3823 οὶλλοὶ
1360 3758 1411 3823 axi
1435 3767 1486 3824 τοῦ
1511 3763 1584 3844 ζῆν,

300 3865 444 3929 diribitae
468 3867 529 3946 γὰρ
554 3869 605 3930 ὑπ’
630 3869 727 3930 αὐτῶν
752 3866 789 3937 ὥς
814 3873 903 3948 (Daca

301 4072 347 4105 nos
373 4062 464 4106 monet
491 4062 521 4106 ut
544 4063 620 4106 caute
644 4073 755 4121 agamus
779 4055 867 4121 (uam,
891 4059 913 4106 si

302 4157 438 4204 nmquam,
458 4143 506 4191 liae
524 4144 551 4190 in
569 4159 597 4191 re
614 4141 769 4192 Cassianum
788 4143 854 4191 illud
870 4144 913 4192 cai

301 4226 387 4274 aanor
410 4227 580 4289 Agrippinam
599 4242 720 4275 accusare
739 4226 857 4290 debuit),
876 4228 916 4276 vir

300 4325 422 4359 suminus
436 4311 501 4359 mihi
512 4326 564 4358 non
576 4312 718 4374 persuasit,
734 4318 764 4360 ut
773 4312 914 4374 Iosephum

300 4409 392 4442 serum
410 4397 549 4445 tradidisse
565 4398 669 4445 credam
679 4401 771 4446 contra
781 4397 898 4445 Plinium
909 4434 915 4459 ,

300 4478 472 4543 Suetonium,
503 4481 638 4544 Taciturn,
665 4482 790 4542 Dionem,
817 4481 916 4544 quibus

301 4565 401 4612 accedit
426 4566 610 4614 testiinonium
638 4566 771 4628 aequalis,
803 4565 864 4628 qui,
895 4565 916 4613 si

301 4651 442 4712 potuisset,
466 4651 522 4699 sine
544 4651 622 4700 dubio
640 4665 696 4698 rem
715 4651 741 4699 in
760 4651 858 4698 melius
875 4649 916 4697 in-

300 4740 495 4796 terpretaturus
512 4736 619 4798 fuisset,
642 4736 750 4784 lunium
769 4735 917 4784 Gallionem

301 4818 411 4867 fratrem
438 4818 552 4868 Senecae
579 4820 650 4882 dico,
676 4820 753 4868 cuius
778 4818 840 4867 dicti
858 4816 918 4880 (Dio

967 4056 1013 4120 60,
1032 4056 1078 4120 35,
1096 4055 1123 4118 3)
1140 4071 1219 4105 omne
1237 4071 1350 4106 acumen
1365 4057 1446 4119 perit,
1468 4056 1490 4105 si
1505 4054 1585 4105 Glau-

968 4143 1042 4191 dium
1074 4142 1186 4191 fortuita
1220 4147 1305 4191 morte
1337 4142 1495 4191 defunctum
1528 4155 1586 4190 esse

969 4241 1083 4276 censeas.

1004 4308 1038 4372 [p.
1049 4308 1109 4372 171]
1126 4311 1271 4372 discrepat.
1289 4311 1321 4359 ct.
1340 4310 1391 4359 Vit.
1410 4309 1439 4358 2:
1457 4310 1586 4372 sedquod

969 4396 1107 4457 discrepat
1124 4397 1154 4444 in
1171 4396 1262 4444 medio
1279 4397 1323 4444 sit.
1342 4394 1395 4443 Liv.
1414 4395 1448 4442 lll
1458 4392 1505 4442 31:
1522 4409 1586 4443 cam

970 4481 1003 4529 de
1021 4480 1123 4542 lepidas
1139 4481 1303 4543 conveniret,
1322 4480 1457 4529 delatore
1475 4484 1586 4528 tantum

970 4566 1144 4626 discreparet.
1178 4563 1249 4613 Orat.
1276 4562 1379 4612 Claudii
1397 4564 1430 4612 de
1448 4563 1505 4612 iure
1524 4564 1585 4612 hon.

971 4647 1025 4697 Col.
1043 4648 1072 4711 l,
1090 4651 1106 4697 l.
1125 4648 1171 4697 tss:
1189 4664 1257 4698 riam
1274 4655 1299 4697 ct
1317 4649 1366 4697 lioc
1377 4649 1450 4697 inter
1463 4653 1586 4697 auctores

971 4734 1116 4795 discrepat.

1009 4814 1115 4881 [pili]
1134 4818 1260 4883 epulanti
1277 4819 1307 4868 ia
1324 4831 1393 4866 arce.
1411 4817 1494 4879 pridie
1503 4831 1586 4880 quam
