3322 5512
300 1278 481 1340 reddiderant,
520 1279 700 1342 expungebat,
734 1280 762 1327 in
797 1293 911 1342 quorum

299 1360 387 1409 iocum
406 1361 471 1411 alios
490 1362 611 1425 eligebat.

332 1445 505 1495 dissimulata
521 1447 666 1495 vacatione.
691 1447 723 1497 cf.
743 1447 798 1510 Dig.
818 1445 864 1509 50,
883 1447 912 1509 5,

299 1525 345 1589 13,
364 1527 392 1578 3:
418 1531 466 1592 qui
483 1536 575 1578 autem
592 1544 648 1579 nou
666 1530 745 1580 habet
761 1533 911 1580 exornatio-

299 1613 462 1663 nemetiam
480 1615 580 1663 invitus
597 1615 719 1664 iudicare
735 1617 848 1677 capitur.

334 1698 460 1761 beneficio
487 1700 643 1749 liberorum.
677 1715 738 1748 nam
771 1705 798 1749 et
823 1715 913 1750 annua

300 1784 400 1832 vacatio
423 1783 535 1847 singulis
558 1784 672 1833 decuriis
689 1790 747 1834 erat
764 1784 841 1849 (Aug.
859 1784 911 1846 37).

299 1868 368 1931 Lege
385 1868 453 1916 Iulia
471 1868 503 1916 de
520 1869 678 1918 maritandis
695 1869 831 1919 ordinibus
848 1885 911 1918 cau·

299 1957 357 2001 turn
375 1958 444 2015 erat,
462 1953 560 2017 quibus
576 1954 710 2003 iudicandi
723 1955 823 2003 vacatio
836 1955 911 2003 dare-

299 2043 344 2086 tur
366 2039 399 2087 ob
423 2053 567 2087 numerum
586 2038 743 2094 liberorum,
766 2039 797 2087 cf.
816 2039 910 2102 fragm.

282 2121 380 2173 Vatis.
398 2121 411 2184 5
428 2120 492 2171 197:
515 2122 560 2172 An
578 2123 644 2172 bello
661 2124 758 2172 amissi
776 2121 878 2185 (liberi)
895 2139 912 2172 a

300 2207 383 2256 tutela
414 2222 545 2257 sumsere
569 2207 704 2256 debeant?
736 2223 804 2256 nant
830 2214 856 2258 et
881 2210 912 2256 in

299 2291 419 2352 fascibus
443 2293 582 2341 sumendis
600 2298 626 2341 et
642 2293 672 2342 in
689 2292 833 2342 iudicandi
849 2308 911 2341 mu·

298 2390 361 2425 nere
376 2390 428 2438 pro
445 2377 634 2439 superstitibus
648 2377 794 2440 habentur,
812 2385 843 2426 ut
855 2380 912 2441 leue

286 2455 370 2510 'Icilia
386 2462 419 2510 de
434 2463 603 2512 maritandi-s
619 2464 760 2512 ordinibus
777 2464 810 2512 de
827 2463 912 2524 susci-

299 2545 345 2593 bus
355 2546 495 2595 sumendis
504 2552 529 2595 et
536 2547 707 2609 publicorum
715 2549 807 2610 kapite
814 2547 864 2596 XX
869 2547 911 2611 VI,

297 2630 364 2678 item
379 2630 554 2691 priuatorum
572 2631 663 2692 kapite
680 2630 786 2679 XXVII
796 2633 828 2681 de
838 2632 911 2681 iudi-

297 2715 382 2763 cando
399 2721 519 2778 cavetur,
537 2716 570 2764 cf.
580 2716 642 2764 ibid.
653 2714 737 2777 5194:
756 2719 911 2766 curretiam

298 2800 439 2848 iudicandi
460 2814 542 2849 onere
565 2802 680 2850 iniustos
704 2801 774 2863 filios
793 2802 912 2851 relevare

297 2884 472 2946 Papinianus
485 2885 552 2934 libro
566 2884 786 2948 unaestionunt
794 2885 911 2947 scribat;

298 2965 310 3028 S
327 2966 388 3017 198:
411 2967 464 3018 Sed
481 2975 576 3018 utrum
594 2970 644 3018 soli
662 2969 716 3031 filii
733 2984 771 3018 an
787 2976 813 3019 et
829 2985 910 3033 nepo-

298 3058 335 3102 tes
344 3053 440 3102 debent
448 3052 595 3115 prodesse?
612 3053 833 3118 subsistendum,
843 3069 910 3118 quo-

297 3139 374 3186 niuni
406 3139 449 3186 lex
481 3139 594 3200 quidem
622 3141 793 3202 priuatorum
820 3141 912 3201 kapite

296 3221 402 3270 XXVII
418 3237 469 3285 „eu
486 3239 514 3273 se
531 3223 624 3273 natos''
643 3225 777 3287 appellat,
796 3225 839 3272 len
850 3238 910 3272 vero

296 3307 466 3368 publicorum
484 3309 575 3370 kapite
584 3308 675 3356 XXVI
683 3309 832 3358 liberorum
843 3309 911 3370 facit

296 3392 470 3440 ritenti'oneni.
484 3391 521 3439 De
534 3406 645 3440 numero
658 3398 748 3442 autem
759 3393 910 3457 liberorum,

296 3474 329 3522 ob
345 3489 425 3538 quem
444 3475 577 3523 iudicandi
595 3478 695 3527 vacatio
713 3479 776 3527 data
790 3479 910 3527 estnihil

296 3559 405 3623 scimuS,
431 3574 597 3623 quamquam
620 3562 761 3610 verisimile
790 3568 830 3611 est
855 3567 909 3611 tres

296 3643 391 3693 liberos
417 3650 447 3693 ut
473 3645 538 3693 alias
556 3646 737 3695 excusationes
756 3648 823 3696 hanc
842 3663 909 3710 quo-

296 3744 349 3792 que
366 3728 496 3778 tribuisse.

329 3815 508 3876 responderet.
520 3815 700 3864 recitabantur
708 3817 791 3879 igitur
801 3817 910 3865 nomina

295 3899 413 3948 iudicum
436 3904 463 3947 et
487 3900 540 3947 iam
558 3905 636 3948 antea
655 3915 670 3948 a
687 3901 802 3964 principe
820 3902 908 3963 explo-

296 3989 384 4032 ratum
408 3988 478 4046 erat,
502 3985 612 4045 quinam
630 3985 766 4033 vacatione
784 3999 909 4033 excusare

296 4084 323 4118 se
340 4075 453 4132 possent.

328 4155 467 4217 cupidum.
498 4169 559 4203 nam
593 4169 691 4202 munus
723 4154 856 4202 iudicandi
882 4159 910 4202 et

296 4243 361 4289 tunc
383 4245 410 4288 et
433 4244 523 4301 postea
546 4254 613 4287 onus
635 4239 701 4300 fuit,
726 4239 758 4286 cf.
777 4238 843 4301 Aug.
862 4237 907 4286 3⁸2:

295 4324 433 4387 plerisque
450 4324 593 4372 iudicandi
609 4338 710 4371 narinus
729 4324 908 4371 detractanti-

217 4427 219 4431 ’
296 4409 357 4469 bus3
375 4408 429 4457 Gai.
440 4406 484 4469 t63
503 4407 577 4456 Galb.
588 4405 633 4469 tle
652 4408 745 4469 fragm.
757 4407 814 4455 Vat.
825 4405 907 4469 §tid

295 4493 435 4541 iudicandi
458 4506 543 4541 onere.
572 4493 665 4556 Neque
684 4493 837 4555 obloquitur
855 4493 907 4541 Pli-

296 4577 356 4625 nius
369 4576 399 4625 H.
409 4577 440 4625 N.
450 4575 496 4639 33,
514 4576 544 4640 2,
561 4576 607 4625 33:
627 4584 787 4639 tantumque
796 4583 907 4626 enatum

295 4667 335 4710 est
358 4661 459 4722 fastus,
483 4667 513 4708 nt
536 4675 607 4722 qraae
630 4662 678 4709 stab
702 4662 763 4710 dina
784 4661 908 4723 Arapusto

295 4746 406 4808 impleri
432 4759 487 4793 nou
510 4752 657 4807 potuerant
682 4746 821 4808 materiae,
852 4760 908 4794 nan

294 4832 405 4893 capiant
428 4846 489 4879 eum
513 4831 656 4892 ordinent,·
678 4831 714 4879 ibi
732 4831 803 4878 enirn
821 4844 907 4878 sermo

91 512 130 589 C.
159 515 213 588 15.
306 509 528 590 dissimulata
561 515 742 589 traeatione
776 539 881 610 quain
914 514 1081 588 beneficio
1114 515 1302 588 liberorum
1337 511 1489 589 habebat
1513 537 1586 590 res-

302 641 489 737 ponderat,
524 650 563 713 ut
596 639 760 736 cupidum
793 639 967 712 iudicandi
1002 639 1150 733 dimisin
1185 639 1292 712 alium
1327 640 1586 736 interpellatum

302 767 346 838 ab
379 766 592 840 adversariis
628 765 672 838 de
702 764 842 861 propria
867 764 945 857 lite,
980 773 1237 860 negantemque
1264 764 1469 859 cognitionis
1495 789 1587 858 rem,

301 891 365 964 sed
390 890 555 964 ordinarii
580 890 665 963 iuris
683 914 775 974 esse,
801 913 907 984 agere
926 913 1069 963 causam
1088 887 1268 963 confestim
1286 889 1381 985 apud
1398 913 1437 963 se
1455 891 1588 986 coegit,

300 1015 438 1112 proprio
472 1015 610 1110 negotio
636 1015 880 1088 documentum
906 1013 1087 1107 daturum,
1119 1038 1226 1109 quam
1252 1038 1388 1109 aequus
1413 1015 1520 1089 iudex
1547 1016 1583 1087 in

967 1285 1007 1327 est
1031 1280 1063 1327 de
1085 1280 1131 1341 iis,
1156 1280 1202 1342 qui
1226 1283 1256 1327 ut
1275 1279 1379 1341 equites
1398 1278 1425 1326 R.
1446 1277 1542 1327 fierent
1558 1279 1586 1327 in

967 1363 1087 1412 decurias
1117 1363 1236 1411 indicum
1268 1363 1346 1426 recipi
1373 1362 1530 1425 voluerunt,
1554 1363 1585 1412 cf.

967 1447 1087 1496 Momms.
1107 1447 1168 1496 sut.
1188 1447 1224 1495 ΙΙΙ
1242 1445 1292 1495 535
1309 1447 1330 1495 A
1348 1446 1371 1494 1.

1000 1532 1108 1581 dimisit
1133 1533 1149 1581 i.
1177 1547 1199 1580 e.
1226 1532 1285 1581 albo
1312 1532 1430 1580 iudicum
1455 1531 1537 1580 erasit
1555 1536 1586 1588 ut

967 1617 1065 1680 legitur
1081 1633 1101 1666 c.
1119 1615 1159 1665 ib.
1179 1617 1252 1665 Dum.
1270 1614 1293 1664 8.
1606 1607 1608 1612 ’

999 1703 1089 1750 alium
1122 1701 1335 1762 interpellatum.
1383 1701 1521 1748 sedentem
1556 1701 1583 1748 in
1633 1715 1635 1720 ·

966 1785 1062 1834 iudicio
1075 1785 1253 1847 interpellavit
1264 1785 1444 1846 adversarius,
1462 1785 1509 1848 qui
1523 1800 1584 1834 cum

966 1869 1107 1918 Claudium
1134 1875 1300 1932 praesentem
1328 1870 1444 1933 videret,
1478 1870 1511 1918 ab
1537 1871 1585 1919 boc

966 1955 1042 2016 petiit
1060 1959 1090 2002 ut
1107 1955 1284 2017 cognitionem
1304 1953 1341 2002 rei
1360 1955 1494 2017 reciperet.

998 2039 1160 2100 cognitionis
1186 2053 1246 2088 rem
1272 2039 1318 2086 sed
1344 2039 1482 2088 ordinarii
1507 2040 1583 2088 iuris.

967 2137 1009 2171 res
1039 2123 1125 2177 enim,
1157 2127 1189 2171 ut
1215 2123 1316 2186 privata
1342 2120 1385 2183 (cf.
1412 2123 1445 2171 de
1465 2125 1585 2185 propria

967 2207 1038 2272 tite),
1063 2224 1116 2257 non
1138 2208 1186 2257 soli
1203 2207 1371 2270 magistratui
1389 2208 1584 2270 cognoscenda,

966 2293 1011 2341 sed
1030 2293 1100 2355 apud
1120 2292 1221 2341 iudices
1240 2292 1342 2355 agenda
1359 2297 1424 2340 erat.

999 2391 1080 2439 apere
1097 2377 1318 2438 causant-apud
1336 2391 1364 2426 se
1381 2377 1474 2439 coepit.
1494 2377 1584 2425 minus

966 2466 1036 2510 recte
1086 2462 1183 2525 priores
1226 2462 1384 2524 interpretes
1428 2460 1584 2510 Noordkerk

966 2544 1072 2595 Obsern
1105 2560 1128 2607 p.
1162 2544 1193 2594 61
1227 2546 1320 2610 (quem
1351 2548 1406 2610 ipse
1439 2561 1493 2595 non
1518 2545 1583 2607 vidi)

965 2630 1049 2679 secuti
1067 2632 1154 2679 locum
1172 2631 1211 2679 ita
1225 2632 1438 2693 explicaverunt,
1457 2636 1488 2680 ut
1501 2630 1581 2680 Glau-

965 2715 1025 2763 dius
1049 2715 1141 2763 statim
1165 2729 1193 2763 se
1212 2720 1349 2777 praesente
1368 2720 1395 2764 et
1410 2715 1538 2777 praeside
1555 2715 1584 2763 in

966 2815 1021 2849 rem
1044 2800 1144 2862 inquiri
1162 2800 1281 2863 iusserit,
1304 2800 1350 2848 illo
1367 2799 1454 2848 iudice
1472 2799 1500 2847 in
1522 2815 1583 2862 pro-

966 2885 1021 2946 prio
1038 2885 1143 2947 negotio
1160 2884 1292 2946 adnibit03
1311 2899 1373 2932 nam
1386 2883 1513 2933 Claudius
1529 2899 1582 2933 non

948 2969 1110 3031 praesedit,
1128 2968 1172 3016 sed
1192 2983 1247 3017 rem
1266 2982 1330 3017 suae
1348 2968 1505 3031 cognitionis
1524 2983 1581 3017 esse

965 3054 1054 3102 dicens
1071 3054 1185 3102 indicem
1203 3054 1280 3102 illum
1298 3053 1373 3115 apud
1390 3067 1417 3102 se
1434 3053 1449 3101 i.
1463 3067 1485 3101 e.
1504 3053 1576 3102 dorni

965 3152 1042 3200 suae,
1065 3138 1093 3186 in
1117 3137 1231 3200 Palatio,
1256 3152 1364 3186 causam
1383 3152 1461 3200 agere
1479 3138 1580 3201 coegit,

964 3223 1002 3271 ita
1029 3228 1059 3271 ut
1085 3223 1107 3270 is
1134 3222 1180 3285 qui
1206 3227 1286 3270 antea
1309 3221 1386 3270 iudex
1414 3221 1583 3270 decuriarum

964 3306 1084 3369 quinque
1103 3306 1155 3354 fuit
1173 3306 1251 3354 iudex
1271 3313 1349 3354 entra
1367 3306 1583 3355 ordinemdatus

964 3389 1077 3451 (Gellius
1095 3388 1194 3452 tata
1211 3387 1238 3450 i)
1257 3391 1306 3452 sit,
1325 3391 1429 3453 negotio
1443 3405 1458 3438 a
1471 3389 1583 3439 Claudio

965 3476 1091 3539 delegato.
1110 3474 1257 3523 Mommsen
1276 3471 1349 3535 (stu.
1369 3472 1404 3521 11³
1422 3472 1470 3521 977
1490 3472 1581 3521 Aa:

964 3557 1000 3609 11²
1012 3557 1073 3621 937)
1086 3565 1156 3608 recte
1170 3560 1258 3608 dicens
1272 3558 1415 3609 Claudium
1430 3559 1479 3608 boc
1490 3564 1583 3608 contra

964 3648 1035 3708 leges
1056 3645 1148 3694 fecisse
1169 3645 1258 3693 minus
1278 3649 1361 3707 recte,
1381 3645 1487 3707 opinor,
1505 3649 1583 3706 putat

964 3729 1122 3778 Suetonium
1146 3730 1210 3778 haec
1233 3729 1303 3777 inter
1321 3744 1352 3776 ea
1370 3729 1492 3777 attulisse
1513 3743 1582 3790 quae

963 3813 1090 3863 Claudius
1107 3819 1199 3863 contra
1212 3816 1284 3877 leges
1297 3814 1403 3875 fecerit,
1423 3828 1485 3862 nam
1498 3814 1531 3863 de
1542 3814 1583 3863 bis

964 3898 1107 3947 Suetonius
1129 3914 1209 3961 supra
1232 3899 1300 3961 egit,
1326 3900 1374 3947 boc
1398 3904 1490 3948 autern
1512 3901 1582 3962 loco,

963 3998 1127 4046 quamquam
1146 3983 1170 4031 id
1190 3984 1267 4031 atiert
1284 3983 1354 4032 inter
1371 3997 1402 4030 ea
1417 3997 1487 4046 quae
1501 3982 1581 4031 Clau-

963 4069 1023 4116 dius
1035 4068 1062 4116 in
1072 4067 1265 4130 cognitionibus
1275 4068 1379 4130 egregie
1393 4067 1469 4130 Iecit,
1488 4072 1581 4116 utrum

964 4153 988 4200 id
1006 4153 1064 4201 iure
1082 4168 1165 4202 necne
1182 4154 1274 4201 fecerit.
1292 4168 1344 4201 non
1363 4153 1526 4202 diiudicavit.

998 4235 1031 4298 [p.
1042 4235 1085 4298 uu]
1098 4238 1415 4298 Pammeni-compulit.
1435 4252 1487 4286 non
1498 4237 1579 4286 intel-

963 4323 1020 4386 lego
1039 4339 1086 4372 cur
1102 4303 1240 4371 Lehmann
1250 4323 1266 4371 l.
1280 4323 1295 4370 l.
1306 4339 1328 4384 p.
1339 4321 1402 4385 144,
1420 4321 1581 4371 Suetonium

963 4409 1012 4456 hoc
1044 4408 1116 4456 inter
1145 4409 1268 4470 exempla
1299 4409 1397 4456 stultae
1423 4407 1582 4470 cognitionis

963 4494 1056 4540 att'errc
1089 4493 1221 4554 putaverit
1252 4492 1410 4556 Lydumque
1437 4491 1581 4542 Claudium

962 4576 1122 4624 laudantem·
1141 4577 1272 4625 stultitiae
1297 4577 1421 4638 arguerit.
1450 4576 1580 4639 Equidem

962 4666 1025 4723 puto
1049 4660 1175 4708 feminam
1200 4661 1309 4708 divitem
1334 4661 1468 4722 simulque
1487 4661 1580 4708 orbam

962 4744 1048 4793 filium
1075 4760 1155 4793 suum
1181 4759 1322 4808 agnoscere
1347 4746 1477 4807 noluisse,
1505 4749 1579 4793 metu

961 4834 1052 4877 tamen
1079 4830 1196 4878 incestus
1222 4830 1369 4878 confessam
1396 4845 1460 4878 esse.
1493 4830 1581 4879 Habes
