3322 5512
724 332 762 391 85

102 530 182 593 0010
215 543 254 592 se
288 543 366 592 cnm
403 517 550 615 pecunia
582 519 693 610 fiscis,
727 518 774 591 ad
806 518 1083 591 subveniendum
1118 518 1276 592 hortatus
1310 529 1380 613 est,
1474 520 1512 593 O.
1542 525 1596 592 18.

102 655 369 741 repraesentans
413 667 476 740 pro
518 665 626 739 opera
667 643 809 738 dignam
843 643 968 738 cuique
1005 643 1210 716 mercedem.
1244 645 1384 718 Artiore

102 779 217 843 autem
244 792 383 843 annona
403 770 446 842 ob
469 768 632 841 assiduas
650 769 869 858 sterilitates,
896 768 1059 842 detentus
1076 768 1250 864 quondam
1270 771 1382 844 medio
1486 835 1489 838 ⁴

102 898 174 968 foro
201 918 223 966 a
247 894 351 967 turba
376 892 610 987 conviciisque
636 902 670 966 et
693 892 796 965 simul
821 893 1053 988 fragminibus
1077 894 1179 990 panis
1204 895 1253 967 ita
1279 894 1382 968 intes-

102 1027 213 1111 tatus,
239 1027 278 1091 ut
303 1041 409 1113 aegre
434 1040 498 1090 nec
524 1017 590 1089 nisi
615 1017 748 1113 postico
775 1018 927 1092 evadere
952 1019 986 1091 in
1013 1018 1187 1092 Palatium
1216 1020 1382 1107 valuerit,

102 1143 185 1216 nihil
225 1165 292 1215 non
332 1141 544 1237 excogitavit
581 1141 628 1214 ad
661 1141 878 1215 inuehendos
912 1143 1015 1216 etiam
1050 1152 1205 1238 tempore
1239 1141 1382 1218 hiberno

145 1377 206 1434 Tac.
227 1377 308 1434 Aria.
330 1375 396 1434 XII
415 1377 466 1434 43.
508 1375 640 1450 Frugum
669 1393 787 1452 quoque
816 1381 935 1450 egestas
964 1381 995 1435 et
1023 1382 1087 1434 orta
1114 1394 1154 1435 ex
1181 1394 1216 1435 eo
1237 1377 1331 1436 tames
1352 1378 1383 1435 in

101 1482 269 1559 prodigium
291 1481 499 1558 accipiebatur.
522 1481 586 1541 Nec
607 1481 716 1541 occulti
737 1487 853 1540 tantum
875 1488 1016 1558 questus3
1046 1483 1100 1541 sed
1120 1481 1186 1540 iura
1206 1482 1382 1542 reddentem

102 1589 257 1648 Claudium
293 1589 511 1649 circumvasere
545 1588 728 1648 clamoribus
763 1589 907 1660 turbidis,
948 1589 1130 1666 pulsumque
1158 1588 1189 1647 in
1218 1597 1383 1649 extremam

101 1696 156 1754 fori
183 1703 299 1772 partem
319 1696 349 1754 vi
371 1698 553 1772 urguebant,
583 1697 679 1756 donec
703 1696 832 1755 militum
852 1697 940 1772 globo
960 1697 1093 1756 intensos
1114 1697 1258 1776 perrupit.
1291 1698 1383 1772 1,)010-

102 1802 198 1862 decim
219 1803 335 1862 dierum
356 1804 497 1862 alimenta
518 1803 600 1874 urbi,
629 1821 687 1861 non
708 1803 853 1879 amplius,
884 1803 1071 1879 superfuisse
1092 1804 1241 1880 constitit;
1265 1823 1383 1879 magna-

102 1928 158 1987 que
180 1910 269 1968 deum
291 1909 473 1986 benignitate
495 1915 525 1968 ct
547 1910 692 1969 modestia
712 1908 821 1968 hiemis
841 1911 931 1968 rebus
951 1910 1095 1969 extremis
1117 1912 1305 1970 subventum.

101 2123 180 2172 uibus
211 2125 277 2172 uicis
304 2124 407 2187 Lipsius
433 2125 575 2187 legendum
603 2124 714 2187 putabat

100 2210 244 2270 utopistrus
269 2224 303 2258 sc.
329 2209 455 2258 vicorum.
483 2207 541 2266 Qua
563 2209 714 2258 coniectura

101 2298 191 2342 tamen
215 2308 268 2342 non
292 2308 357 2356 opus
380 2298 428 2342 est.
451 2292 623 2355 Magistratus
641 2292 712 2341 enirn

101 2384 164 2427 sunt
186 2375 249 2437 (nisi
272 2378 301 2426 iu
326 2375 524 2426 universumid
543 2374 714 2437 dictumest)

101 2463 132 2525 ii,
158 2462 205 2525 qui
232 2461 384 2525 regionibus
411 2461 483 2510 urbis
505 2460 563 2510 xlv
588 2465 715 2523 praesunt

100 2546 143 2608 (cf.
170 2545 243 2596 Suet.
270 2547 337 2610 Aug.
364 2544 410 2594 30:
436 2547 559 2608 spatium
586 2546 660 2594 urbis
684 2547 714 2595 10

102 2632 224 2693 repicues
241 2656 274 2664 —
291 2630 385 2678 diuisit
408 2630 584 2692 instituitque
606 2636 636 2678 ut
653 2630 714 2678 illus

99 2716 186 2763 00001
218 2714 397 2776 urapistratus
427 2717 521 2764 sortito
548 2713 714 2777 tuerentur),

100 2803 169 2847 sorte
193 2799 266 2848 ducti
283 2813 314 2847 ex
333 2798 476 2862 aedilibus,
500 2799 615 2848 tribunis
632 2799 714 2862 plebis

100 2886 127 2931 et
143 2882 323 2945 praetoribus,
341 2883 372 2932 cl.
387 2882 492 2944 bross,
510 2881 540 2946 8,
559 2883 581 2932 7.
599 2883 713 2931 Momm-

100 2982 147 3016 sen
173 2966 235 3017 StR.
261 2965 297 3015 111
324 2965 373 3015 516
400 2966 420 3014 Α
447 2965 463 3014 1
488 2964 573 3014 :11²
598 2965 654 3015 505.
682 2965 713 3014 Hi

100 3051 182 3115 igitur
208 3066 254 3113 per
280 3051 384 3100 lictores
407 3051 547 3114 populares
570 3051 714 3100 denuntia-

100 3143 168 3185 torcs
186 3134 345 3197 (Mommsen
363 3136 379 3183 1.
394 3136 409 3183 l.
429 3132 714 3195 1139111211376)

101 3221 204 3284 plebem
223 3225 407 3270 convocarunt.
427 3265 429 3269 .

133 3305 212 3368 lisois.
248 3305 302 3354 Osci
328 3308 392 3353 sunt
417 3306 533 3366 scirpeae
560 3319 672 3368 magnae
699 3320 713 3353 e

101 3391 197 3438 vimine
222 3389 306 3438 factae
329 3389 357 3437 in
381 3388 480 3452 quibus
504 3389 616 3438 Romani
634 3404 713 3451 pecu-

100 3474 171 3523 niam
198 3488 302 3523 servare
328 3472 448 3522 solebant
470 3472 533 3535 (Cic.
560 3474 587 3522 in
612 3473 713 3522 verul

100 3558 128 3621 8,
146 3558 186 3608 11.
205 3559 341 3607 Phaedrus
357 3559 378 3606 11
398 3557 460 3622 7,1
493 3559 543 3607 Lex
562 3558 714 3607 101110110-

100 3643 276 3706 petnndarum
294 3644 311 3692 l.
329 3642 361 3691 67
379 3658 417 3706 sq.

132 3735 348 3790 repraesentans.
366 3728 399 3776 01.
409 3726 478 3777 Otho
488 3727 514 3776 5:
533 3729 603 3777 deun
617 3733 713 3776 sester-

101 3815 138 3861 tia
162 3817 366 3875 repraesentata
383 3818 408 3861 et
426 3812 548 3874 quinque
563 3813 714 3873 promissa.

131 3896 234 3965 artiore
250 3910 368 3945 annona.
392 3895 468 3944 initio
486 3910 592 3959 quoque
610 3895 713 3957 imperii

100 3981 140 4029 sui
161 3978 288 4029 Claudius
309 3994 443 4028 annonam
464 3980 588 4029 artiorem
607 3995 713 4043 perpes-

100 4080 144 4112 sus
174 4070 228 4128 est,
262 4066 289 4115 01
327 4065 428 4114 Seneca
457 4066 489 4114 de
517 4065 610 4114 brevit.
645 4066 713 4114 vitae

100 4147 144 4213 18,
168 4150 184 4199 5
208 4148 242 4211 (a.
268 4147 384 4213 russin:
411 4150 489 4199 Modo
515 4151 590 4199 iutra
612 4165 713 4212 paucos

101 4234 158 4283 ilios
181 4235 252 4297 dies,
276 4235 374 4297 quibus
399 4233 425 4283 C.
451 4234 549 4282 Caesar
564 4235 662 4297 periit,
681 4260 714 4268 —

100 4325 201 4381 septem
227 4326 275 4368 aut
300 4326 356 4368 octo
382 4326 452 4368 certe
478 4319 587 4367 dierunt
610 4319 714 4368 cibaria

101 4401 256 4465 superesse?
289 4403 378 4453 Victor
410 4402 482 4453 Caes
509 4403 542 4451 111
569 4402 598 4452 3:
624 4403 714 4452 adbitc

100 4494 201 4549 spectas
227 4489 390 4552 composita,
416 4502 501 4550 quum
526 4488 650 4550 Catipulu
669 4489 712 4537 iu·

100 4571 228 4635 duaerut,
247 4574 312 4622 dum
331 4574 436 4622 adactis
452 4578 505 4621 toto
519 4573 581 4622 orbe
594 4574 713 4634 uuoipiis

98 4658 225 4718 peruium
265 4673 343 4706 010νο
389 4658 501 4708 theatris
536 4658 713 4720 curribusque

100 4741 199 4790 danius
230 4742 340 4804 publico
372 4742 480 4805 efficere
504 4743 648 4792 contendit.
681 4743 714 4790 Et

101 4827 179 4876 etiam
198 4841 221 4876 a.
241 4825 340 4892 795111,
358 4827 390 4877 cf.
409 4825 570 4893 111061111,
588 4825 617 4879 t:
634 4822 712 4892 λιμοῦ

768 2140 794 2171 τε
818 2120 929 2188 ἰσχυροῦ
953 2120 1108 2188 γενομένου,
1131 2121 1163 2174 οὐ
1187 2124 1269 2188 μόνον
1292 2129 1338 2189 τῆς
1355 2122 1383 2174 ἐν

768 2213 804 2271 τῷ
829 2206 885 2256 τότε
907 2207 1016 2272 παρόντι
1039 2205 1172 2273 ἀφθονίας
1196 2213 1250 2258 τῶν
1273 2213 1383 2274 τροφῶν

767 2289 833 2342 ἀλλὰ
858 2289 904 2342 καὶ
931 2297 976 2357 τῆς
1002 2289 1028 2348 ἐς
1050 2289 1134 2343 πάντα
1159 2291 1203 2344 τὸν
1219 2290 1284 2358 μετὰ
1302 2299 1382 2344 ταῦτα

768 2373 852 2426 αἰῶνα
868 2375 996 2440 πρόνοιαν
1012 2373 1161 2441 ἐποιήσατο.
1180 2379 1277 2429 Nostro
1292 2384 1382 2429 tamen

768 2464 823 2511 loco
856 2465 944 2525 procul
971 2463 1051 2511 dubio
1075 2477 1161 2512 sermo
1187 2469 1228 2513 est
1254 2465 1285 2512 de
1312 2465 1383 2513 sume

768 2560 848 2609 quam
873 2561 896 2595 a.
914 2543 1004 2609 8111151
1031 2547 1112 2596 luisse
1130 2555 1220 2596 narrat
1237 2547 1295 2597 Tac.
1314 2549 1381 2597 1100.

748 2623 815 2679 ‘xil
851 2629 896 2694 43,
931 2634 959 2679 et
993 2631 1025 2679 ad
1052 2631 1165 2680 eandem
1192 2632 1290 2680 famem
1318 2634 1383 2693 (uon

768 2715 800 2764 ad
832 2716 946 2764 eundem
978 2714 1140 2777 tumultum)
1172 2717 1282 2766 tortasse
1309 2732 1382 2779 spec-

768 2803 828 2848 tant
850 2814 919 2863 quae
943 2799 1025 2848 tradit
1047 2798 1119 2861 (Dio)
1143 2801 1202 2850 Zon.
1223 2800 1260 2850 111
1278 2817 1301 2864 p.
1319 2801 1383 2851 474:

767 2880 813 2933 καὶ
835 2880 902 2947 πρὸς
926 2879 973 2948 τὴν
995 2887 1091 2946 πρᾶσιν
1112 2886 1166 2932 τῶν
1189 2880 1278 2946 ἄρτων
1298 2882 1383 2948 θόρυ-

766 2964 816 3032 βόν
828 2984 883 3016 τινα
895 2963 1016 3031 γενέσθαι
1028 2964 1253 3030 παρασκευάσασα
1267 2965 1382 3034 (Ἀγριπ-

766 3051 847 3114 aiva).

798 3137 1031 3198 postteoevadere.
1047 3138 1120 3187 addit
1128 3137 1382 3189 TacitusOlaudium

768 3219 883 3267 militum
902 3233 949 3281 ope
967 3220 1125 3283 perrupisse.
1147 3223 1251 3283 postico
1269 3224 1384 3286 explicat

767 3300 875 3352 Orosius
899 3301 989 3366 11116,
1008 3302 1053 3352 ro:
1081 3311 1157 3354 touta
1175 3305 1263 3368 fumes
1281 3306 1383 3356 Rouure

768 3387 835 3450 suit,
859 3393 890 3435 ut
914 3388 1004 3437 medio
1028 3388 1088 3450 foro
1105 3390 1257 3452 imperator
1275 3405 1382 3452 correp-

768 3478 811 3520 rus
836 3487 853 3521 a
876 3474 977 3535 populo
1001 3474 1128 3522 conviciis
1151 3480 1177 3522 et
1195 3474 1383 3536 srapruiuibus

766 3557 848 3619 pariis
877 3559 1036 3620 turpissime
1060 3559 1207 3621 infestatus
1232 3573 1313 3621 uepre
1333 3574 1383 3620 per·

766 3641 983 3704 pseudothyrum
1015 3644 1045 3692 ia
1070 3643 1214 3692 Palatium
1240 3644 1382 3705 resupieus

768 3725 892 3786 furorem
918 3752 951 3760 —
977 3729 1097 3777 evaserit.
1124 3727 1252 3777 Claudius
1277 3728 1382 3777 uidetur

768 3825 813 3874 per
837 3811 906 3860 viam
926 3812 1026 3862 Novam
1044 3816 1072 3861 et
1088 3812 1187 3861 clivum
1205 3812 1335 3861 Victoriae
1354 3812 1380 3859 in

768 3896 900 3945 Palatium
919 3897 1028 3946 venisse.
1439 3883 1442 3890 ¹

802 3987 920 4043 teurpore
947 3981 1065 4031 hiberae.
1095 3997 1148 4045 quo
1173 3983 1200 4030 in
1228 3982 1381 4030 universnm

768 4066 901 4129 navigatio
919 4066 1088 4128 periculosior
1105 4070 1133 4115 et
1150 4067 1304 4129 praesertim
1317 4068 1380 4115 osti-

770 4166 814 4199 um
832 4151 933 4200 Tiberis
951 4150 1055 4200 difficile
1072 4151 1174 4200 intratu
1192 4155 1262 4213 erat,
1281 4151 1313 4199 01.
1334 4151 1381 4200 1110

767 4233 812 4297 (10,
837 4233 884 4298 11,
910 4234 939 4283 2:
972 4231 1026 4292 ἔξω
1058 4230 1107 4298 γὰρ
1133 4238 1187 4283 τῶν
1212 4239 1243 4298 τῇ
1270 4251 1296 4283 τε
1323 4231 1381 4297 ὥρᾳ

766 4314 982 4381 ἐσκομισθὲννων
1016 4314 1062 4367 καὶ
1100 4314 1126 4372 ἐς
1160 4314 1205 4372 τὰς
1239 4314 1382 4381 ἀποθήκας

766 4399 938 4466 ἀναχθέντων
947 4399 1025 4452 οὐδὲν
1034 4398 1081 4467 τὴν
1089 4399 1240 4467 χειμερινὴν
1249 4399 1382 4467 ε’σεφοίτα,

767 4485 819 4538 ἀλλ’
840 4486 868 4536 εἴ
880 4505 917 4543 τις
934 4484 1171 4551 παρεκινδύνευσε,
1189 4491 1283 4542 κακῶς
1297 4484 1382 4551 ἀπήλ-

766 4571 852 4622 λασσε.
888 4574 956 4623 Nam
984 4578 1075 4636 portus
1101 4571 1189 4622 Ostiae
1216 4573 1296 4621 etiam
1323 4578 1382 4621 tum

767 4656 800 4719 (a.
841 4655 945 4719 804151)
980 4657 1098 4706 nondum
1134 4657 1266 4719 perlectus
1301 4658 1382 4706 fnisse

766 4743 884 4805 videtur,
914 4743 945 4791 01.
973 4743 1005 4790 ad
1031 4758 1052 4792 c.
1078 4742 1111 4793 20
1134 4740 1244 4805 (ρ.111);
1270 4748 1382 4804 portum

769 4826 858 4879 Ostiae
875 4826 1018 4877 exstructi.
