3322 5512
816 338 852 395 71

192 520 365 594 Graeculo
391 544 460 594 vox
485 521 520 593 in
547 520 772 593 altercatione
798 520 943 594 excidit:
980 531 1037 594 nal
1063 531 1097 594 σὺ
1121 530 1214 609 γέρων
1239 525 1269 595 εἴ
1287 532 1338 595 aul
1363 531 1468 611 μωρός.
1564 519 1603 594 C.
1632 524 1661 592 11

192 645 355 740 Equitem
388 645 528 740 quidem
562 647 759 719 Romanum
785 646 1008 719 obscenitatis
1033 646 1067 718 in
1093 645 1242 718 feminas
1267 670 1384 739 reum,
1410 646 1474 721 sed

191 771 280 843 falso
308 779 342 843 et
368 771 412 842 ab
437 769 684 866 impotentibus
704 770 852 844 inimicis
870 772 1014 844 conficto
1031 770 1191 863 crimine,
1217 771 1303 844 satis
1321 780 1472 863 constat,

192 917 270 966 cum
296 904 410 968 scorta
434 893 610 968 meritoria
635 894 733 969 citari
759 895 931 968 adversus
957 919 996 969 se
1018 904 1052 968 et
1069 894 1181 967 audiri
1198 916 1260 990 pro
1278 895 1473 969 testimonio

193 1018 343 1112 videret,
377 1019 561 1115 graphium
588 1030 622 1093 et
647 1021 816 1112 libellos,
833 1042 921 1115 quos
945 1020 1085 1093 tenebat
1109 1019 1144 1091 in
1170 1042 1293 1111 manu,
1320 1019 1368 1091 ita
1394 1043 1472 1093 cum

191 1166 320 1238 magna
353 1143 522 1218 stultitiae
556 1154 590 1218 ct
624 1145 792 1218 saevitiae
826 1145 1092 1241 exprobratione
1122 1144 1245 1218 iecisse
1280 1144 1314 1216 in
1348 1144 1472 1217 faciem

191 1267 282 1360 eius,
309 1277 348 1342 ut
374 1291 502 1362 genam
528 1292 595 1342 non
623 1269 748 1342 leviter
772 1269 1022 1365 perstrinxerit.

239 1392 338 1467 XVI.
391 1393 511 1466 Gessit
545 1402 579 1466 et
613 1417 798 1466 censuram
832 1393 1064 1466 intermissam
1100 1392 1159 1464 diu
1193 1400 1274 1487 post
1304 1391 1473 1464 Plancum

234 1579 295 1637 Tac.
317 1581 397 1639 dnn.
420 1580 472 1639 XI
489 1583 537 1639 13.
580 1581 724 1640 Claudius
748 1616 783 1623 —
805 1581 906 1639 munia
927 1581 1060 1639 censoria
1081 1598 1238 1657 usurpans.

234 1685 294 1743 Tac.
317 1687 397 1745 Ann.
418 1687 467 1744 XI
489 1690 539 1746 25.
583 1688 781 1765 Condiditqne
813 1687 980 1763 (Claudius)
1010 1687 1156 1759 lustrum,
1195 1704 1253 1763 quo
1283 1705 1373 1745 censa
1403 1691 1474 1745 sunt

189 1791 299 1852 civium
322 1793 519 1870 quinquagies
533 1795 636 1853 novies
651 1800 775 1853 centena
789 1794 938 1869 octoginta
952 1798 1092 1870 quattuor
1104 1793 1188 1851 milia
1202 1792 1391 1869 septuaginta
1405 1793 1472 1852 duo.

234 1899 295 1957 Tac.
317 1900 396 1957 Anu.
420 1893 488 1958 XII
506 1903 533 1958 5.
576 1900 734 1960 Censoriae
756 1900 865 1960 mentis
887 1901 1097 1959 levamentum.

230 2005 310 2064 Ptin.
332 2005 369 2064 H.
390 2006 429 2065 N.
454 2009 571 2079 7,159.
614 2007 732 2093 Claudii
755 2007 890 2066 Caesaris
912 2024 1046 2066 censura.

229 2112 309 2171 Plin.
330 2113 367 2171 Η.
390 2113 427 2172 N.
450 2116 502 2186 10,
527 2117 554 2172 5.
597 2114 714 2173 Claudii
736 2113 882 2190 principis
904 2131 1030 2172 censura
1050 2131 1127 2171 anno
1147 2112 1230 2172 urbis
1253 2111 1363 2172 DCCC.

229 2218 307 2277 Ptin.
330 2219 367 2278 H.
389 2220 426 2278 N.
451 2222 510 2293 33,
534 2223 585 2279 33.
627 2221 708 2297 apud
730 2220 889 2280 Claudium
911 2219 1069 2278 Caesarem
1089 2219 1121 2277 in
1143 2237 1269 2279 censura
1290 2219 1363 2278 eius.

232 2325 309 2384 Suet.
340 2326 395 2384 Vit.
421 2327 450 2385 2.
493 2327 563 2386 Mox
586 2346 652 2386 cum
676 2327 800 2387 Claudio
820 2326 955 2403 principe
977 2326 1052 2385 duos
1073 2325 1196 2402 insuper
1216 2325 1381 2385 ordinarios
1403 2344 1472 2384 con-

191 2432 306 2491 sulatus
330 2450 546 2510 censuramque
567 2435 669 2510 gessit.

236 2538 332 2597 Victor
356 2539 436 2598 Caes.
458 2540 507 2598 IV
524 2542 552 2598 4.
594 2558 691 2617 neque
713 2558 800 2599 secus
822 2557 914 2598 censu
935 2544 1050 2598 novat.

191 2813 220 2856 ut
245 2808 310 2858 haec
337 2809 432 2857 melius
457 2809 578 2871 pendeat.
606 2809 659 2858 Hoc
682 2811 738 2857 loco
761 2814 802 2857 est

189 2893 243 2955 ipse
262 2894 379 2956 angulus
396 2898 473 2957 togae
490 2893 605 2943 anabolii
622 2894 706 2942 instar
722 2908 801 2954 super

190 2978 332 3026 humerum
367 2978 495 3026 demissae
528 2982 558 3026 ut
589 2984 660 3025 recte
688 2977 802 3039 explicat

189 3062 252 3111 Rich
270 3077 289 3110 s.
308 3077 331 3111 v.
351 3063 458 3111 lacinia.

222 3145 359 3196 Graeculo.
410 3147 442 3194 ad
464 3145 582 3206 ¹Claudii
617 3151 800 3210 contemptum

189 3232 284 3280 melius
300 3232 472 3280 indicandum
490 3230 632 3281 Suetonius
645 3232 726 3280 etiarn
740 3245 801 3278 voce

188 3321 355 3378 contemptus
373 3317 451 3379 plena
470 3315 601 3365 Graeculo
620 3331 685 3364 usus
704 3321 751 3364 est.

220 3401 396 3449 altercatione
422 3401 437 3448 i.
456 3415 478 3448 e.
496 3400 522 3447 in
542 3405 713 3462 patronorum
731 3401 802 3448 inter

188 3498 219 3541 se,
231 3485 391 3547 certamine,
409 3489 440 3532 ut
458 3484 571 3546 explicat
584 3484 673 3542 Quint.
684 3483 800 3547 01091.

220 3569 392 3618 obscenitatis
426 3571 455 3618 in
485 3569 605 3630 sentinas
631 3584 665 3618 sc.
692 3570 802 3617 honeste

188 3652 305 3702 virentes
347 3654 428 3717 (oppa
472 3653 647 3716 concubinae,
680 3653 801 3701 meretri-

187 3752 242 3800 ces,
277 3737 394 3800 servae),
429 3754 490 3787 nam
526 3738 558 3787 de
593 3743 683 3799 stupro
714 3751 801 3786 sermo

187 3826 226 3870 est
259 3822 292 3870 de
324 3837 376 3885 quo
409 3823 440 3871 cf.
473 3823 535 3872 lnst.
563 3822 596 3870 lV
621 3821 666 3883 18,
694 3822 723 3870 d:
756 3824 801 3871 sed

186 3907 280 3956 eudem
305 3908 361 3969 tepe
383 3907 458 3956 Iulia
481 3907 526 3969 (de
543 3906 699 3967 adulteriis)
717 3908 801 3955 atiani

186 3992 277 4053 stupri
296 3990 435 4054 flagitium
451 3994 568 4054 punitur
585 4007 647 4040 runi
664 3994 727 4054 quis
742 3994 802 4040 sine

187 4077 213 4124 vi
242 4076 284 4126 uel
314 4076 449 4139 uirpinem
480 4077 521 4124 vet
551 4077 662 4124 viderant
695 4076 801 4125 honeste

186 4163 322 4211 viventem
354 4162 526 4224 stupraverit.
562 4160 684 4210 Poeuani
710 4166 801 4209 autern

186 4247 282 4296 eadem
322 4247 365 4296 tea
404 4247 510 4306 irropat
543 4246 741 4307 peccatoribus,
776 4247 800 4294 si

187 4331 292 4380 honesti
317 4337 394 4394 sunt,
418 4331 634 4393 publicationem
648 4333 740 4392 partis
757 4331 800 4378 di-

185 4416 290 4464 midiae
308 4416 448 4466 banorum.
467 4415 523 4478 Dig.
541 4413 586 4476 48,
605 4414 635 4475 5,
653 4412 694 4462 35.

220 4505 310 4548 scorta
333 4500 476 4548 meritoria
500 4499 579 4547 citari
598 4505 623 4547 et
641 4499 733 4546 audiri
748 4513 800 4560 pro

187 4585 347 4632 testimonio.
374 4582 502 4632 Claudius
521 4583 602 4631 etiam
620 4586 712 4631 contra
729 4584 801 4645 leges

185 4668 248 4731 egit,
263 4683 325 4717 nam
339 4669 365 4717 id
378 4668 449 4732 quod
462 4668 504 4716 lex
518 4668 630 4716 Iuliade
644 4667 668 4714 ri
681 4671 801 4715 vetuerat

185 4752 213 4801 in
237 4752 296 4801 aliis
317 4766 424 4816 qnoque
451 4752 553 4800 iudiciis
580 4767 613 4799 ne
641 4750 715 4799 fieret
740 4767 801 4799 can·

186 4841 245 4884 tum
263 4835 346 4884 fuisse
361 4835 479 4898 videtur,
497 4836 530 4884 cf.
544 4836 599 4899 Dig.
612 4835 659 4898 99,
678 4835 707 4898 5,
724 4833 802 4896 355:

855 2809 923 2871 Lepe
946 2808 1015 2857 Iulia
1038 2809 1071 2856 de
1094 2809 1121 2856 vi
1144 2814 1266 2870 cauetur,
1290 2822 1324 2856 ne
1348 2807 1398 2856 hac
1417 2809 1474 2869 tepe

856 2895 886 2941 in
909 2907 987 2942 reuiu
1005 2893 1192 2941 testi-neonium
1210 2893 1299 2941 dicere
1317 2893 1420 2954 liceret,
1439 2918 1472 2926 —

856 2993 956 3040 pilaeve
981 2980 1076 3039 patant
1099 2982 1243 3039 quaestum
1265 2976 1346 3037 faciat
1363 2976 1472 3037 fecerit-

855 3078 932 3112 oa-
945 3076 1012 3110 nani
1030 3062 1146 3123 quidam
1162 3067 1275 3123 propter
1291 3063 1472 3110 reverentiam

856 3161 1052 3209 personarunt,
1078 3147 1192 3208 arridani
1208 3152 1320 3208 propter
1338 3146 1473 3194 lubricum

856 3233 962 3281 constiti
980 3232 1036 3294 sui,
1055 3233 1106 3280 atu
1124 3245 1185 3280 vero
1202 3236 1314 3292 propter
1331 3235 1471 3279 natanael

856 3316 1004 3377 infantiam
1036 3318 1109 3365 vitae
1134 3330 1198 3364 suae
1224 3315 1389 3364 admittendi
1415 3328 1471 3363 non

856 3402 971 3449 suntad
991 3402 1139 3450 testimonii
1158 3400 1249 3462 fidant.

891 3483 978 3533 Gessit
1004 3491 1030 3533 et
1055 3498 1206 3533 censuram.
1233 3498 1294 3532 curn
1318 3483 1337 3531 L
1365 3482 1469 3531 Vitellio

856 3567 940 3629 tSuet.
969 3567 1016 3616 Vit.
1040 3567 1064 3615 9,
1088 3566 1147 3615 Tac.
1174 3566 1239 3616 Hist.
1265 3567 1300 3616 llI
1318 3565 1362 3626 66)
1380 3581 1470 3615 veram

856 3666 996 3700 censuram
1031 3652 1111 3714 gessit
1146 3658 1176 3700 ut
1210 3667 1315 3714 censor,
1350 3666 1403 3700 non
1441 3659 1471 3700 nt

856 3736 993 3800 Augustus
1027 3742 1055 3784 et
1090 3737 1210 3785 Tiberius
1244 3738 1376 3786 consulari
1410 3752 1471 3786 cum

856 3823 964 3885 imperio
982 3836 1092 3870 censum
1110 3821 1172 3884 egit.
1197 3821 1285 3870 Gessit
1301 3826 1393 3870 autem
1412 3836 1470 3870 earn

856 3922 902 3969 per
933 3921 1033 3955 annum
1067 3911 1094 3953 et
1119 3920 1164 3954 sex
1191 3921 1294 3955 menses
1321 3911 1351 3954 ut
1377 3907 1472 3954 statuit

855 3991 1001 4040 Mommsen
1021 3989 1081 4039 sta.
1101 3987 1203 4038 11³3so
1222 4005 1251 4032 =
1272 3987 1367 4038 112338
1381 3994 1472 4038 contra

855 4075 981 4125 Zonarsm
1006 4075 1050 4123 Vll
1068 4072 1101 4122 19
1119 4090 1142 4136 p.
1162 4073 1207 4123 71:
1232 4069 1317 4137 ἦρχον
1335 4068 1365 4122 δὲ
1383 4070 1420 4136 (οἱ
1436 4089 1471 4121 τι-

854 4155 945 4223 μηταὶ)
972 4154 1002 4207 τὰ
1027 4153 1076 4220 μὲν
1098 4161 1192 4221 πρῶτα
1215 4154 1261 4206 καὶ
1285 4153 1315 4207 τὰ
1341 4155 1471 4206 τελευταῖα

854 4240 896 4292 ἐπὶ
912 4241 1078 4301 πενταετίαν,
1097 4244 1128 4291 de
1147 4259 1199 4306 quo
1218 4245 1273 4292 loco
1286 4244 1344 4292 vide
1357 4243 1471 4291 Momm-

854 4345 900 4378 sen
923 4330 940 4378 l.
959 4331 975 4378 l.
1000 4329 1127 4377 Lustrum
1151 4328 1222 4376 enirn
1247 4328 1362 4377 condidit
1380 4342 1471 4376 mense

854 4413 959 4463 Octobri
984 4429 1006 4461 a.
1030 4410 1122 4475 soltus
1148 4410 1192 4472 (cf.
1210 4411 1268 4461 Tac.
1288 4411 1355 4460 Ann.
1373 4410 1410 4460 xi
1430 4410 1470 4464 25.

854 4496 898 4557 31)
921 4505 948 4546 et
971 4499 994 4545 d.
1013 4495 1046 4545 ‘Id
1065 4512 1099 4546 m.
1118 4498 1175 4545 Jan.
1194 4511 1217 4545 a.
1235 4493 1326 4557 800llr'l
1351 4495 1471 4544 nondum

854 4597 946 4631 censor
973 4581 1025 4629 snit
1052 4587 1081 4629 ut
1104 4583 1180 4631 docet
1203 4581 1298 4629 titulus
1325 4580 1473 4628 For-alanus

856 4665 883 4714 C.
901 4667 919 4714 l.
941 4667 965 4713 l..
993 4665 1029 4713 IX
1056 4665 1121 4713 5959
1141 4682 1170 4708 =
1190 4665 1260 4713 [less.
1288 4679 1313 4712 n.
1340 4661 1403 4712 209:
1434 4663 1472 4712 Ti.

857 4750 988 4798 Claudius
1012 4750 1095 4798 Drusi
1115 4750 1134 4811 f.
1155 4749 1253 4797 Caesar
1269 4748 1338 4810 Aup.
1358 4748 1471 4796 Carnea-

856 4835 933 4887 nicus
950 4833 1049 4903 pontif.
1068 4849 1142 4882 rnaa.
1162 4839 1194 4881 tr.
1211 4838 1266 4905 pot.
1289 4831 1340 4889 VII
1353 4846 1403 4881 cas.
1415 4831 1475 4886 IIII
