3322 5512
719 340 757 397 93

100 521 181 618 pilis
214 522 436 619 superposuit
469 521 674 596 altissimam
706 532 836 596 turrem
862 523 896 595 in
924 524 1122 620 exemplum
1147 522 1378 597 Alexandrini
1470 523 1509 598 C.
1537 529 1590 598 60.

100 647 225 738 Phari,
252 656 290 720 ut
315 647 360 720 ad
388 658 575 721 nocturnos
601 649 702 743 ignes
727 672 868 721 cursum
895 647 1039 743 navigia
1064 648 1261 743 dirigerent.

150 774 252 846 XXI.
306 773 494 868 Congiaria
529 775 656 870 populo
682 773 824 869 saepius
849 772 1032 846 distribuit.
1066 774 1273 869 Spectacula
1297 797 1380 870 quo-

100 920 167 991 quc
193 899 372 994 complura
397 909 431 971 et
456 898 643 993 magnilica
669 897 793 987 edidit,
828 919 894 969 non
923 897 1050 969 usitata
1076 897 1177 971 modo
1204 921 1245 970 ac
1270 899 1381 972 solitis

100 1022 201 1114 locis,
240 1023 303 1096 sed
342 1033 375 1096 et
412 1022 652 1097 commenticia
685 1031 720 1096 et
754 1045 797 1095 ex
831 1022 1036 1117 antiquitate
1062 1023 1226 1118 repetita,
1261 1032 1296 1096 et
1322 1025 1379 1097 nbi

100 1157 281 1242 praeterea
328 1171 428 1221 nemo
476 1157 557 1220 ante
605 1170 694 1220 eum.
746 1146 869 1220 Ludos
914 1146 1141 1220 dedicationis
1179 1146 1380 1245 Pompeiani

100 1271 243 1365 theatri,
278 1272 373 1367 quod
405 1273 606 1345 ambustum
642 1271 854 1362 restituerat,
889 1295 908 1344 e
933 1271 1099 1344 tribunali
1126 1271 1238 1368 posito
1264 1273 1297 1345 in
1325 1296 1379 1346 or-

139 1453 199 1511 Dio
223 1456 277 1526 60,
302 1456 334 1526 6,
358 1455 385 1511 8.
428 1451 568 1514 diribitae
584 1490 627 1499 -
644 1451 684 1530 τῷ
703 1490 746 1499 -
763 1450 912 1529 Hanania
936 1451 991 1522 rin
1015 1455 1067 1514 τοῦ
1088 1447 1221 1530 θεοίτρον
1238 1453 1381 1529 μνήμην·

101 1558 150 1622 axi
182 1559 263 1642 αὐτῷ
295 1558 347 1622 axi
379 1559 412 1621 ri
444 1565 495 1622 τοῦ
527 1558 670 1637 Τιβερίου
701 1556 795 1634 ὄνομα
821 1558 850 1619 ἕν
875 1566 912 1635 τῇ
938 1565 1029 1636 canapi
1056 1554 1200 1635 προσθεὶς
1225 1556 1381 1640 ἔγραφεν,

100 1664 204 1738 ἐπειδὴ
237 1664 409 1730 navitarum
433 1667 529 1739 adria
554 1665 775 1743 desuadendam
802 1717 807 1729 .
833 1663 866 1726 ab
891 1663 951 1742 γὰρ
977 1664 1084 1729 ἑαυτοῦ
1108 1664 1201 1744 εἰιείνρ
1225 1665 1298 1741 μέν,
1324 1669 1382 1746 οὐχ

101 1769 143 1834 ὅτι
174 1772 397 1837 κατεσκεύασεν
430 1774 504 1836 ἀλλ’
536 1768 578 1835 ίτι
614 1771 685 1857 (axi
709 1771 767 1830 del.
789 1770 918 1856 Reiske)
943 1767 1126 1849 καθιέρωσεν
1151 1773 1263 1845 αὐτήν,
1295 1771 1382 1852 ἄλλῳ

101 1877 131 1940 δὲ
164 1878 257 1942 οὐδενὶ
289 1880 485 1959 irritandae.
519 1881 550 1942 ai
581 1880 641 1955 μὴν
674 1877 738 1942 οὐδὲ
768 1885 804 1956 Til
830 1885 923 1956 στολῇ
949 1887 986 1955 τῇ
1011 1878 1140 1958 ε’τινικίιρ
1166 1878 1381 1960 rapientium

101 1985 153 2057 τὴν
179 1986 365 2062 πανήγυριν,
389 1986 486 2050 καίτοι
510 1984 691 2067 ψηφισθέν,
716 1977 900 2064 ἐχρήσατο,ι
914 1984 989 2046 aaa
1015 1981 1122 2047 ἔθυσεν
1142 1986 1171 2047 ἕν
1189 1987 1266 2065 αὐτῇ
1283 1986 1382 2063 μόνον,

101 2090 141 2154 rit
166 2091 198 2153 δὲ
223 2090 310 2155 ἄλλοι
335 2093 364 2155 ἕν
389 2093 429 2171 τῷ
455 2091 666 2172 περιπορφύρῳ
690 2090 800 2169 ἱματίῳ
826 2088 976 2169 διῴκισεν.

102 2313 161 2346 vere
189 2299 335 2348 Puteolano
361 2301 393 2348 de
420 2317 472 2364 quo
498 2302 529 2350 cf.
549 2301 615 2349 Plini.
634 2301 663 2349 H.
682 2301 713 2349 N.

100 2382 145 2446 35,
172 2382 235 2432 tuti:
259 2385 322 2446 quia
339 2387 414 2434 enim
432 2386 499 2434 satia
516 2386 637 2434 miratur
651 2401 714 2448 pes-

100 2469 199 2517 simam
231 2470 289 2518 eius
319 2467 432 2528 (terrae)
461 2476 572 2530 partem
600 2470 715 2532 ideoque

98 2554 240 2614 puluerem
257 2555 425 2616 appellatum
444 2556 474 2603 in
491 2554 649 2604 Puteolanis
661 2557 713 2604 rol-

101 2638 168 2686 libas
181 2639 280 2700 opponi
292 2640 379 2687 naaria
388 2639 527 2703 fluctibus,
539 2655 715 2703 mersumque

100 2723 225 2783 protinus
249 2723 310 2785 fieri
333 2723 453 2785 lapidem
474 2739 562 2772 ιιινιιιιι
579 2725 713 2786 inexpug-

100 2808 219 2857 nabilem
252 2809 334 2857 undis
367 2816 392 2857 et
426 2809 572 2870 fortiorem·
602 2810 713 2870 cotidie,

100 2892 194 2953 atinae
216 2893 239 2940 ai
266 2892 387 2942 Gaurano
404 2897 553 2943 ntiseeatur
569 2901 713 2944 caemento.

100 2975 138 3025 Gr.
168 2991 276 3040 quoque
307 2976 406 3026 Seneca
438 2978 466 3036 Q.
494 2979 524 3027 N.
557 2979 592 3026 111
618 2977 664 3039 60,
690 2977 713 3027 3.

100 3060 164 3109 Vitr.
183 3061 207 3108 ll
226 3059 296 3123 6,1.
315 3060 402 3111 Sidon.
420 3061 504 3123 Apoll.
522 3063 618 3126 Paneg.
638 3063 660 3110 ll
674 3061 713 3111 59.

132 3146 299 3195 altissimam
334 3147 436 3195 turrim
468 3148 498 3195 in
526 3148 715 3209 eaenmlam-

100 3231 195 3280 Pltari.
215 3232 247 3280 cs.
265 3232 332 3281 Plin.
350 3232 381 3281 H.
400 3231 431 3280 N.
450 3230 496 3294 36,
514 3230 558 3281 83:
583 3232 714 3296 Magnifi-

101 3321 179 3364 catur
196 3323 223 3365 et
240 3317 296 3365 alia
314 3318 399 3365 turris
416 3343 449 3350 -
467 3318 497 3365 in
515 3317 607 3365 inatile
623 3317 715 3366 Plrarn

99 3407 209 3464 portum
236 3404 371 3453 obtinente
397 3401 583 3452 Alexandriae
600 3429 632 3436 —
653 3418 715 3452 risus

101 3487 158 3535 eius
175 3493 307 3536 nocturno
319 3489 431 3536 nauium
443 3503 523 3536 crtrsu
537 3489 614 3549 ipnea
626 3493 715 3536 osten-

101 3571 164 3621 dere
181 3573 217 3620 ad
236 3574 461 3634 praenuntianda
479 3573 551 3621 vada
567 3578 716 3634 portusque

101 3656 261 3719 introitum,
280 3658 372 3718 quales
384 3658 442 3705 iant
454 3657 638 3718 contpluribas
651 3658 716 3706 locis

100 3739 235 3802 flagrant,
271 3742 340 3790 sicut
375 3741 464 3790 Ostiae
498 3757 529 3790 ac
562 3741 715 3791 Ravennae.

100 3825 157 3874 lun.
189 3825 238 3874 xil
266 3824 310 3874 76:
350 3825 573 3888 Tyrrhenamque
595 3825 714 3874 Pharon.

101 3910 191 3958 Insula
209 3924 270 3958 cam
288 3910 373 3958 Pharo
387 3910 519 3959 delineata
532 3909 609 3958 estin
624 3910 716 3957 tabula

101 3994 314 4056 peutingeriana.

132 4079 326 4128 Alexandrini.
379 4083 483 4139 praeter
523 4077 594 4125 hunc
628 4079 715 4126 locum

99 4163 180 4212 etiarn
198 4163 253 4212 Val.
272 4163 354 4211 Flacc.
373 4161 418 4209 Vll
435 4159 480 4210 85:
505 4163 595 4210 elarua
612 4162 713 4223 pharos

57 4248 59 4252 ⁴
100 4249 199 4310 pharus
212 4247 315 4309 generis
325 4246 465 4295 masculini
475 4251 522 4295 est.
535 4246 614 4295 Recte
626 4251 716 4295 tamen

101 4333 212 4383 Rothius
229 4333 349 4381 omniurn
368 4332 487 4380 codicum
500 4333 641 4381 lectionem
654 4333 716 4381 reti-

100 4418 160 4467 nuit
178 4416 288 4481 (priores
305 4418 360 4467 fere
380 4417 493 4466 editores
512 4417 717 4467 Alexandrinae

99 4502 240 4565 legendum
265 4501 452 4565 censuerunt),
477 4517 540 4551 narn
559 4501 615 4551 lteri
632 4505 718 4564 potest

100 4591 130 4634 ut
162 4585 306 4636 Suetonius
324 4602 426 4635 mernor
443 4588 525 4635 fuerit
542 4585 716 4648 Graecorum,

100 4671 145 4733 qui
169 4668 214 4731 (cs.
232 4669 326 4720 Strabo
346 4688 369 4734 p.
387 4670 444 4720 tto,
464 4670 519 4719 796.
539 4669 599 4728 794)
618 4670 662 4720 ubi
681 4670 713 4717 de

101 4756 168 4804 turri
184 4769 270 4803 sermo
279 4760 320 4805 est
329 4751 345 4802 ὅ
355 4751 443 4818 Φάρος
454 4757 554 4818 dicunt,
568 4756 715 4818 nequeiam

102 4840 188 4888 turris
208 4845 297 4888 mente
316 4840 486 4902 suppleverit.

803 2299 902 2361 populo
920 2299 935 2347 i.
955 2313 978 2348 e.
996 2299 1065 2361 plebi
1083 2300 1281 2349 frumentariae.

802 2384 919 2445 saepius.
943 2388 1064 2432 auctores
1087 2398 1135 2432 nos
1153 2383 1184 2432 de
1202 2384 1305 2433 duobus
1322 2390 1382 2433 tan-

768 2473 825 2516 tum
854 2468 992 2530 congiariis
1018 2469 1141 2518 certiores
1159 2469 1274 2532 iaciunt,
1299 2470 1382 2518 altero

769 2552 830 2601 [lato
848 2567 870 2601 a.
890 2549 994 2616 798145,
1019 2554 1050 2603 cl.
1069 2554 1116 2602 Dio
1133 2552 1179 2617 60,
1203 2554 1248 2618 65,
1273 2554 1300 2604 7;
1326 2553 1383 2603 τότε

768 2631 798 2683 δὲ
823 2632 869 2700 τήν
895 2654 921 2684 τε
946 2633 1092 2701 πανήγυριν
1117 2632 1164 2701 τὴν
1189 2634 1326 2698 εὐκταίαν,
1350 2636 1383 2704 ἣν

768 2725 814 2784 τῆς
837 2719 970 2784 στρατείας
988 2718 1069 2770 αὐτοῦ
1087 2719 1165 2771 ἕνεκα
1181 2719 1383 2787 προϋπέσχητο,

768 2802 879 2869 διέθηκε
904 2803 951 2855 καὶ
976 2810 1013 2868 τῷ
1039 2801 1118 2870 δήμῳ
1144 2811 1182 2869 τῷ
1204 2804 1383 2871 σιτοδουμένῳ

768 2887 844 2938 πέντε
878 2886 927 2953 μὲν
961 2888 1007 2940 καὶ
1042 2887 1226 2955 ἑβδομήκοντα
1261 2890 1383 2957 δραχμὰς

769 2972 848 3024 ἅπασι
875 2972 1018 3034 διέδωκεν,
1044 2972 1096 3023 ἔστι
1123 2971 1147 3023 ‹l’
1167 2972 1205 3030 οἷς
1227 2973 1273 3025 καὶ
1289 2974 1383 3037 πλέον,

769 3057 837 3107 ὥστε
860 3055 906 3108 καὶ
929 3056 956 3114 ἒς
979 3057 1130 3122 τριακοσίας
1147 3057 1194 3110 καὶ
1211 3056 1319 3111 δώδεκα
1337 3059 1383 3111 καί

768 3140 889 3208 ἡμίσειάν
920 3160 968 3192 νισι
996 3140 1130 3208 γενέσθαι,
1163 3147 1246 3196 altero
1272 3148 1334 3196 dato
1360 3164 1382 3197 a.

769 3227 856 3288 804151
873 3229 906 3278 ob
919 3229 1030 3279 Neronis
1043 3230 1227 3280 deductionem
1240 3233 1266 3281 in
1282 3233 1383 3295 sorum,

769 3314 801 3363 cl.
827 3314 885 3363 Tac.
913 3315 981 3363 Ann.
1007 3315 1055 3363 Xll
1082 3314 1128 3364 lt:
1159 3315 1196 3365 Ti.
1224 3315 1336 3366 Clartdio
1364 3318 1386 3366 V

770 3400 862 3447 Seruio
890 3398 1013 3448 Cornelio
1036 3400 1191 3450 concidibus
1214 3402 1304 3452 virilis
1322 3410 1384 3466 topa

769 3483 870 3532 Neroni
896 3489 1046 3532 ιιιαίιινοιία.
1065 3484 1249 3534 -Additum
1272 3489 1384 3537 nontine

769 3570 827 3616 eiua
866 3568 1027 3617 donatiuum
1065 3570 1163 3633 militi,
1208 3573 1383 3633 congiarium

767 3653 849 3714 plebi.
867 3651 940 3702 Suet.
957 3652 1019 3702 Ner.
1038 3653 1065 3702 7:
1090 3653 1225 3703 Deductus
1242 3657 1273 3705 in
1291 3655 1382 3716 sorum

770 3739 791 3787 ti
794 3752 824 3785 ro
829 3738 930 3799 populo
936 3738 1118 3802 congiarium,
1129 3740 1213 3790 militi
1222 3741 1382 3790 donatiuum

768 3823 917 3885 proposuit.
935 3821 1105 3886 Congiarium
1123 3825 1156 3874 ob
1173 3830 1263 3888 togam
1280 3826 1382 3876 virilem

770 3912 904 3970 sumptam
928 3908 1020 3956 datum
1045 3908 1145 3957 solebat
1167 3923 1225 3958 esse
1247 3910 1384 3974 sexaginta

770 3992 953 4054 denariorum,
977 3993 1009 4041 cf.
1032 3992 1079 4041 Ilio
1096 3992 1142 4055 59,
1160 3993 1189 4056 6,
1207 3993 1237 4042 61
1261 3989 1305 4048 τὰς
1322 3989 1383 4056 ἑξή-

770 4093 851 4126 κοντα
877 4073 935 4126 κατ’
964 4074 1047 4140 ἄνδρα
1073 4074 1209 4142 δραχμάς,
1233 4076 1264 4133 ἃς
1285 4074 1327 4127 ἐπὶ
1352 4082 1383 4143 τῇ

770 4157 864 4210 ἑαυτοῦ
899 4157 926 4215 ἐς
954 4156 1014 4215 τοὺς
1039 4157 1159 4226 ἐφήβους
1184 4158 1306 4227 ε’σγραφῇ
1331 4159 1382 4211 οὐκ

770 4243 923 4310 εἰλήφεσαν.

805 4332 881 4380 ludos
905 4332 1091 4381 dedicationis.
1116 4347 1138 4380 a.
1158 4328 1247 4394 794141
1267 4332 1384 4395 habitos,

771 4416 803 4464 cf.
822 4416 869 4464 Dio
887 4414 933 4477 60,
950 4415 979 4478 6,
998 4414 1020 4464 8.

804 4500 968 4562 Pompeiani
992 4501 1099 4549 theatri.
1125 4500 1152 4548 in
1174 4515 1267 4563 campo
1290 4501 1385 4550 Martio

772 4599 794 4632 a.
818 4582 911 4646 699155
934 4599 949 4632 a
973 4584 1095 4647 Pompeio
1119 4585 1232 4634 dedicati
1256 4583 1315 4646 (Dio
1339 4583 1383 4648 39,

771 4667 811 4731 38,
821 4668 844 4717 l.
854 4669 981 4717 Asconius
994 4669 1020 4716 in
1032 4669 1082 4717 Pis.
1092 4668 1116 4718 l.
1128 4669 1194 4718 Plin.
1208 4670 1238 4718 H.
1249 4669 1280 4719 N.
1294 4668 1318 4733 8,
1331 4669 1383 4728 601.

805 4754 958 4802 ambustum
977 4755 1143 4804 restituerat.
1161 4755 1298 4803 theatrum
1309 4754 1384 4802 Pom·

773 4838 821 4900 peii
865 4854 887 4887 a.
924 4835 1015 4899 776166
1048 4838 1102 4902 igni
1137 4838 1293 4887 arnnbusturn
1327 4843 1383 4886 erat
