3322 5512
917 333 973 391 138

89 517 128 592 o.
155 522 211 592 27.
303 520 564 609 Britannicum,
603 518 768 591 vicesimo
805 518 940 614 imperii
979 516 1026 590 dii
1062 515 1179 616 [inque
1206 517 1360 591 secundo
1387 518 1584 619 consulatui

300 653 420 718 natum
468 643 552 736 sibi,
600 643 788 739 parvulum
831 642 935 717 etiam
973 651 1066 736 tum,
1110 650 1144 716 et
1183 642 1284 716 militi
1322 666 1386 740 pro
1425 644 1586 718 contione

299 771 461 844 manibus
507 768 581 841 suis
628 778 773 864 gestans
811 778 845 842 et
881 768 973 864 plebi
1013 791 1077 865 per
1115 769 1316 864 spectacula
1354 769 1488 864 gremio
1527 777 1587 842 aut

300 905 381 969 ante
427 918 466 968 se
503 893 656 968 retinens
693 892 836 967 assidue
874 892 1140 966 commendabat
1176 892 1373 988 faustisque
1412 893 1587 967 ominibus

301 1043 379 1094 cum
413 1017 679 1092 acclamantium
713 1017 816 1090 turba
849 1018 1134 1114 prosequebatur.
1173 1019 1206 1090 E
1240 1018 1380 1113 generis
1411 1019 1586 1100 Neronem

341 1217 402 1276 Dio
425 1220 479 1291 60,
501 1218 556 1290 12,
580 1219 599 1274 5
621 1229 658 1292 (a.
683 1218 817 1293 tooure).
860 1213 1060 1292 γεννηθέντος
1088 1190 1181 1295 αὐτῷ
1224 1215 1316 1290 υἱέος,
1359 1207 1389 1287 ὃς
1424 1215 1495 1282 πέσε
1530 1218 1586 1296 μὲν

303 1322 485 1403 Γερμανικὸς
508 1320 627 1403 ὕστερον
651 1322 683 1386 δὲ
707 1321 902 1403 Βρεττανικὸς
925 1320 1144 1399 ἐπωνομάσθη.

346 1431 407 1489 Tac.
429 1432 509 1489 Ano.
528 1430 594 1488 XII
614 1432 665 1488 25.
708 1429 739 1490 C.
761 1428 891 1489 Antistio
914 1429 952 1489 Μ.
975 1429 1081 1489 Suillio
1102 1429 1275 1489 consulibus
1296 1430 1416 1508 adoptio
1437 1430 1469 1489 in
1483 1431 1586 1490 Domi-

301 1536 377 1596 tium
397 1537 572 1597 auctoritate
594 1536 738 1596 Pallantis
758 1536 932 1610 festinatur,
963 1536 1014 1614 qui
1036 1536 1201 1596 obstrictus
1221 1537 1405 1614 Agrippinae
1427 1543 1462 1597 ut
1483 1538 1586 1598 conci-

301 1645 389 1704 liator
425 1644 597 1722 nuptiarum
635 1650 666 1704 et
704 1663 773 1703 mox
806 1649 909 1720 stupro
941 1643 1007 1703 eius
1037 1643 1171 1720 illigatus
1204 1643 1376 1703 stimulabat
1407 1644 1586 1718 Claudium,

302 1751 471 1811 consuleret
498 1751 542 1810 rei
570 1751 722 1828 publicae,
749 1750 913 1810 Britannici
934 1751 1094 1827 pueritiam
1115 1752 1218 1811 robore
1240 1750 1447 1812 circumdaret.
1468 1787 1511 1795 —
1531 1752 1587 1812 His

302 1859 418 1918 evictus
446 1858 564 1918 biennio
594 1859 625 1935 (l.
657 1859 785 1917 triennio
816 1877 886 1917 cum
916 1857 1114 1934 Freinsheim)
1147 1859 1288 1918 maiorem
1320 1864 1392 1919 natu
1420 1859 1586 1919 Domitium

301 1966 363 2025 filio
384 1966 552 2042 auteponit,
579 1966 680 2025 habita
700 1966 778 2042 apud
802 1971 938 2025 senatum
960 1965 1091 2024 oratione
1112 1964 1143 2023 in
1164 1966 1308 2041 eundem,
1330 1985 1419 2044 quem
1441 1986 1458 2026 a
1478 1967 1586 2027 liberto

301 2080 472 2149 acceperat,
510 2073 640 2132 modum.
671 2108 709 2116 —
742 2073 882 2132 Ceterum
920 2078 1006 2132 actae
1036 2072 1164 2150 principi
1196 2079 1311 2149 grates,
1342 2073 1524 2151 quaesitiore
1554 2075 1586 2133 iu

302 2179 465 2239 Domitium
493 2181 680 2256 adulatione;
709 2186 810 2256 rogata
837 2181 904 2253 lex,
933 2199 992 2257 qua
1018 2180 1050 2238 in
1076 2180 1220 2239 familiam
1249 2181 1404 2241 Claudiam
1426 2186 1457 2240 et
1477 2199 1585 2240 nomen

302 2286 430 2346 Neronis
449 2287 597 2347 transiret.

343 2395 402 2453 Dio
425 2397 480 2468 60,
504 2397 563 2470 32,
586 2397 666 2454 2=
690 2396 762 2454 Zoa.
784 2395 836 2453 XI
852 2397 889 2454 10
903 2413 936 2470 ρ.
958 2396 1028 2453 469.
1070 2393 1120 2459 σόν
1164 2419 1198 2458 τε
1243 2394 1385 2470 Δομίτιον
1421 2393 1492 2459 πότε
1527 2395 1583 2470 μὲν

303 2500 448 2580 γαμβρὸν
465 2501 506 2582 σῷ
524 2501 663 2582 Κλαυδίῳ
681 2501 856 2585 άπέδειξεν,
872 2499 992 2582 ὕστερον
1010 2502 1042 2565 δὲ
1059 2501 1110 2565 καὶ
1120 2500 1290 2575 ἐσεποίησεν
1306 2503 1342 2588 (ἡ
1354 2502 1583 2587 Ἀγριππῖνα).

343 2608 403 2667 Dio
423 2609 505 2684 οραά
527 2609 599 2667 Ζοιο.
620 2609 673 2668 XI
688 2612 726 2669 10
740 2628 773 2685 ρι.
796 2612 865 2669 469.
908 2609 921 2672 ὁ
957 2609 1106 2681 Κλαύδιος
1141 2648 1184 2658 -
1219 2608 1270 2672 καὶ
1309 2607 1359 2673 σὸν
1395 2609 1453 2672 υἱὸν
1489 2612 1585 2682 αὐτῆς

305 2714 552 2801 (Ἀγριππίνης)
588 2715 837 2792 εἰσποιησάμενος
871 2715 1071 2794 μετωνόμασε
1106 2714 1244 2797 Τιβέριον
1277 2715 1426 2780 Κλαύδιον
1459 2714 1585 2797 Νέρωνα

305 2827 435 2901 Δροῦσον
459 2822 641 2902 Γερμανικὸν
666 2823 816 2903 Καίσαρα.

346 2929 425 2988 Suet.
446 2930 515 2989 Ner.
540 2934 564 2990 7.
607 2931 765 2990 undecimo
786 2931 892 2991 aetatis
912 2950 989 2990 anno
1010 2951 1028 2991 a
1049 2931 1173 2991 Claudio
1194 2931 1353 3008 adoptatus
1374 2937 1429 2990 est.

342 3036 457 3112 Joscpb.
479 3039 549 3097 Ant.
569 3038 634 3098 lod.
657 3039 724 3097 XX
744 3041 778 3112 8,
800 3041 830 3112 1,
852 3041 919 3098 150.
961 3036 1073 3119 Νέρωνι
1098 3060 1105 3075 ·
1128 3043 1216 3102 ποῦσο
1249 3035 1309 3117 γάρ
1341 3035 1460 3116 ὕστερον
1493 3036 1585 3100 αὑτὸν

303 3141 448 3208 ἐκάλεσεν
472 3144 720 3223 εἰσποιησάμενος
743 3145 801 3216 οἷον
825 3149 839 3209 o‘
863 3151 991 3226 Καῖσαρ.

344 3250 423 3310 Plut.
445 3254 515 3312 Ant.
539 3256 586 3312 87.
628 3253 680 3317 καὶ
713 3250 839 3330 θέμενος
864 3253 913 3317 πον
938 3251 996 3316 υἱὸν
1021 3254 1115 3326 αὐτῆς
1139 3252 1290 3322 Κλαύδιος
1314 3249 1437 3331 Νέρωνα
1462 3259 1584 3331 Γερμα-

304 3355 380 3419 νικὸν
405 3358 645 3438 προσωνόμασεν.

345 3464 475 3541 (Seneca)
504 3466 623 3527 Octavio
644 3470 727 3533 139„
752 3473 841 3544 gnato
861 3485 914 3526 suo
929 3467 1082 3526 Praeferre
1096 3467 1194 3544 potuit
1208 3465 1352 3542 sanguine
1366 3465 1462 3524 alieno
1477 3470 1585 3525 satum.

304 3643 402 3709 leuitt.
420 3646 558 3697 Secundus
575 3655 666 3698 autem
681 3652 835 3699 consulatus
847 3650 918 3698 cadit
972 3647 1274 3712 mann(l.l.p.122A2)
1288 3647 1423 3711 ingeniose
1437 3646 1585 3710 corrigens:

304 3732 331 3781 in
355 3746 376 3779 a.
399 3728 497 3794 molle.
516 3732 630 3796 Apparet
647 3734 730 3797 igitur
747 3735 834 3796 ipsum
852 3748 915 3782 auc·
972 3735 1000 3783 iu
1013 3735 1040 3792 Q.
1049 3735 1166 3785 Secundi
1173 3732 1219 3796 (sc.
1227 3734 1256 3792 Q.
1264 3733 1400 3796 Pomponii
1410 3732 1524 3781 Secundi
1535 3748 1586 3782 cos.

303 3822 386 3864 torem
423 3816 472 3865 sibi
507 3831 662 3881 repugnare.
698 3818 766 3879 lllnd
796 3818 919 3880 congruit
972 3821 1031 3868 sull.
1051 3834 1075 3868 a.
1095 3816 1366 3882 wulbertanum.
1390 3816 1586 3875 Quamtamen

303 3917 364 3951 cum
390 3900 479 3950 Tacito
506 3902 573 3951 Ann.
600 3902 661 3951 lllll
686 3901 718 3951 15
742 3901 776 3964 (a.
800 3899 917 3965 coelom:
972 3906 1152 3953 coniecturam
1187 3903 1399 3967 amplectendam
1426 3917 1478 3950 non
1506 3906 1586 3964 puto,

301 3989 459 4050 propinquo
485 3989 530 4037 die
554 4003 606 4050 ιριιο
631 3995 762 4050 quartano
779 3989 918 4037 decimani
972 3990 1044 4051 quod
1069 3994 1096 4038 et
1120 3989 1200 4038 nnius
1223 3993 1330 4037 tantum
1355 3986 1469 4035 consulis
1487 4001 1587 4035 nomen

303 4073 401 4121 celetis
440 4075 546 4121 αιοιοιιιιι
581 4074 759 4122 Britannicus
793 4072 919 4135 capiebat
972 4072 1062 4120 allerri
1082 4072 1179 4121 mirum
1199 4077 1252 4134 cst,
1270 4078 1297 4120 et
1310 4072 1330 4121 si
1345 4071 1489 4121 Suetonius
1499 4087 1586 4120 unum

202 4155 205 4164 '
303 4156 388 4219 (locus
411 4157 494 4206 Taciti
520 4159 586 4206 Anu.
614 4157 662 4223 llll
688 4156 734 4206 t5:
762 4157 872 4207 biennio
889 4153 916 4217 (l.
971 4158 1107 4205 consulem
1126 4157 1262 4205 nominare
1280 4157 1344 4206 satis
1363 4156 1512 4219 habuisset,
1531 4158 1585 4205 sal-

304 4243 423 4293 tricauio
440 4257 501 4290 cum
520 4238 918 4302 Freinsbeim)ucaioremantu
970 4248 1026 4291 tem
1053 4257 1105 4291 non
1131 4257 1194 4291 curn
1220 4242 1357 4305 elegisset,
1386 4243 1462 4291 cuins
1486 4257 1585 4291 nomen

304 4329 454 4377 Domitium
489 4328 546 4390 filio
584 4327 739 4389 auteponit,
777 4326 917 4375 manifeste
972 4333 1111 4390 propterea
1134 4327 1204 4390 qnod
1226 4333 1317 4376 eontra
1335 4327 1478 4390 principem
1498 4326 1585 4375 rebel-

303 4418 443 4476 corruptus
460 4418 513 4476 est,
535 4428 598 4462 nam
617 4413 685 4462 Nero
704 4427 765 4461 cum
784 4427 806 4460 a.
826 4408 916 4472 790137
970 4414 1084 4473 laverat,
1108 4426 1214 4460 erasum
1232 4416 1279 4460 est.
1298 4411 1353 4460 Nee
1372 4411 1455 4474 magis
1466 4409 1585 4460 Gliutoni

304 4504 384 4548 natus
415 4499 463 4562 sit,
496 4498 664 4548 Britannicus
691 4512 714 4546 a.
747 4493 838 4560 793loo
870 4500 918 4545 aut
970 4494 1051 4558 (Fast.
1084 4497 1157 4545 Rom.
1191 4497 1201 4544 l
1232 4511 1254 4558 p.
1281 4494 1325 4557 34)
1350 4495 1479 4544 assentior
1505 4495 1585 4544 verba

302 4599 325 4633 a.
352 4581 444 4647 793llo
469 4585 555 4632 lucem
574 4583 696 4646 vidisset,
720 4582 790 4645 quod
809 4581 916 4630 omnino
971 4583 1054 4644 inque
1066 4580 1181 4630 seeundo
1191 4581 1333 4630 coaculato
1341 4580 1379 4628 ita
1387 4580 1585 4642 transponenti:

304 4684 355 4717 non
386 4666 496 4732 potest);
526 4669 573 4717 hoc
598 4667 721 4717 convenit
746 4681 807 4715 cum
835 4665 916 4715 Dione
971 4665 1177 4728 Britannicum,
1223 4666 1350 4714 vicesimo
1394 4665 1508 4726 inspecti
1541 4664 1586 4714 die

255 4745 257 4749 ¹
304 4753 349 4814 oo,
367 4753 412 4816 ll,
432 4753 454 4800 5,
970 4757 1067 4799 ιοαιιιιιι
1101 4751 1154 4799 sibi
1185 4751 1271 4813 inque
1305 4749 1418 4799 secundo
1444 4749 1585 4797 consulatu

336 4838 524 4888 Dit'ficultatern
550 4838 642 4886 tollere
659 4842 770 4886 conatus
789 4840 830 4885 est
846 4836 915 4886 Leh-
967 4835 1116 4898 parvolam
1139 4834 1222 4883 ctione
1246 4839 1304 4883 tam
1321 4834 1429 4882 assidue
1445 4848 1584 4883 contuean-
