3322 5512
805 337 840 396 13

182 550 272 600 cons.
305 523 363 598 ul.
402 523 494 620 Aug.
533 519 720 619 Luguduni
761 547 801 596 eo
835 524 910 619 ipso
944 522 1000 595 die
1034 545 1103 617 quo
1136 519 1283 618 primum
1319 543 1382 595 ara
1416 517 1461 595 ibi

221 769 280 828 Dio
304 771 359 841 60,
382 770 416 841 5,
439 769 468 825 ,8.
510 767 540 828 ἐν
565 764 625 844 yar
651 764 685 837 δὴ
710 773 746 844 τῇ
773 770 824 829 τού
851 765 1027 840 Αὐγούστου
1045 763 1187 846 νουμηνίᾳ
1205 766 1235 826 ἕο
1252 759 1270 842 ᾗ
1284 763 1461 839 ἑγεγέυυητο

184 876 217 961 (ὁ
241 874 420 959 Κλαύδιος).

224 983 333 1042 Seneca
360 976 510 1055 Apocoloc.
534 979 568 1051 0,
592 980 614 1036 1.
656 977 818 1053 Luguduni
853 983 941 1036 natus
976 983 1082 1038 est-
1103 979 1141 1037 ad
1173 982 1293 1037 sextum
1315 977 1463 1036 decimum

181 1089 311 1167 lapidem
331 1107 349 1146 a
369 1086 486 1145 Vienna
506 1119 545 1127 —
566 1084 654 1144 Hunc
675 1102 729 1160 ego
751 1085 804 1143 tibi
827 1085 938 1161 recipio
957 1085 1120 1161 Luguduni
1135 1091 1254 1159 natum,
1276 1084 1327 1144 ubi
1341 1084 1464 1143 Licinus
1517 1090 1519 1094 '

183 1195 285 1254 multis
306 1193 392 1252 annis
412 1191 556 1268 regnavit.

221 1301 286 1360 Isiu
309 1299 440 1358 Periccb.
462 1300 529 1357 139.
572 1300 632 1357 Ara
654 1298 774 1356 Caesari
795 1299 833 1356 ad
852 1299 1054 1357 confluentem
1069 1299 1171 1357 Amris
1186 1304 1216 1357 et
1230 1297 1366 1356 Rhodani
1381 1297 1463 1356 dedi-

182 1414 262 1481 cata,
283 1406 436 1467 sacerdote
458 1411 556 1466 creato
579 1404 610 1464 O.
632 1405 710 1464 Iulio
731 1404 1026 1465 Vercondaridubno.
1345 1382 1348 1387 ¹

222 1515 281 1573 Dic
305 1516 361 1587 54,
385 1515 489 1586 32,1.
531 1513 588 1575 τῶν
617 1535 651 1575 τε
683 1511 743 1591 γύορ
776 1512 974 1591 Συγύμβρυυ
1008 1512 1059 1575 κού
1082 1517 1139 1575 τῶν
1164 1511 1341 1590 συμμύχωυ
1365 1512 1463 1574 οούτῶυ

183 1620 232 1686 brai
252 1646 286 1686 τε
305 1620 358 1693 τὴν
383 1625 435 1683 τυύ
461 1620 638 1695 Αὐγούστου
662 1619 813 1683 οὐτουσίοου
838 1620 889 1683 aa}
914 1618 964 1684 broi
987 1619 1020 1682 τὸ
1041 1619 1108 1690 τούς
1126 1617 1277 1688 Γοολοίτοος
1294 1618 1336 1694 μὴ
1355 1616 1463 1681 ἐθελο-

181 1729 297 1792 ‘becacio
341 1723 581 1802 πολεμοοθὲυτωυ
626 1725 729 1806 σφίσι,
780 1726 816 1788 το’
856 1751 890 1790 τε
933 1728 1061 1799 ύτύκοου
1110 1725 1348 1805 τροκοοτὲλοοβε,
1397 1725 1465 1796 τούς

184 1834 316 1915 τούτους
339 1835 445 1907 οούτού,
471 1830 625 1913 arcadem
649 1839 703 1904 τῆς
727 1833 828 1911 ἑορτῆς
852 1823 884 1905 iia
909 1834 960 1896 axi
985 1839 1033 1897 υύυ
1060 1832 1126 1911 τερ)
1152 1831 1202 1895 τὸυ
1218 1838 1270 1896 τοῦ
1288 1832 1465 1907 Αὐγούστου

183 1942 285 2019 βωμὸν
309 1943 338 2004 ἕυ
364 1940 542 2019 Αουγδούυῳ
566 1947 703 2012 τελοῦσι,
728 1939 1039 2019 μετοισεμψούμευος,
1065 1940 1116 2003 κού
1140 1939 1208 2009 τούς
1228 1939 1361 2008 Κελτούς
1378 1940 1466 2017 τορύ-

183 2073 240 2121 σοος
262 2047 312 2112 τύυ
336 2048 434 2120 ‘Pavor
460 2045 675 2123 δοσιβοοίυουτοος
698 2041 838 2125 ciriacae.

184 2308 290 2375 ἰούλους)
320 2307 454 2365 Ἀντώνιος
487 2309 554 2372 (nod.
580 2305 731 2369 ἀυτωυῖυος)
757 2305 796 2356 M.

183 2394 212 2445 υἱ
220 2409 225 2421 ·
234 2391 392 2459 Ἀφρικανὸς
403 2392 435 2443 Κ.
449 2389 548 2458 Φάβιος
558 2391 590 2443 K.
600 2391 642 2452 υἱ,
652 2391 714 2456 55,1
723 2396 797 2442 :rari-

184 2498 213 2530 τα
231 2476 280 2543 μὲν
300 2476 346 2529 ἕπί
362 2482 449 2528 τετοῦ
467 2474 583 2528 Ἰούλλου
602 2475 667 2539 (cod.
687 2473 797 2532 ἰουλίου)

181 2561 316 2614 Ἀντωνίου
333 2559 482 2626 (Ἀντωνίου
500 2563 527 2611 in
540 2562 700 2611 editionibus
717 2562 797 2611 ornis·

184 2665 257 2714 surn,
282 2649 390 2714 praebet
415 2648 470 2698 cod.
502 2646 632 2708 Venetus,
661 2650 692 2694 ut
717 2662 739 2694 v.
767 2648 798 2695 cl.

184 2735 332 2785 Boissevain
360 2749 402 2783 me
427 2729 527 2792 docuit)
553 2726 599 2779 καί
625 2726 667 2778 ἐστὶ
696 2727 797 2794 Φαβίου

183 2817 312 2882 Μαξίμου
335 2815 444 2868 ὑπάτων
462 2812 569 2881 ἐγένετο.
590 2816 684 2864 Bullet.
703 2830 798 2864 eornm.

183 2904 249 2955 1888
267 2921 290 2968 p.
309 2902 358 2953 888
370 2918 399 2945 =
411 2903 483 2952 Dess,
502 2899 582 2950 naa:
601 2899 798 2949 lalloAntonio

182 2992 203 3040 A
209 2991 317 3052 frinone
335 2988 418 3038 Fabio
436 3001 485 3036 cos.

216 3075 285 3125 Iullo
302 3074 428 3124 Antonio.
454 3072 506 3121 Hoc
527 3073 580 3120 loco
594 3077 621 3119 et
635 3070 752 3118 Grarnm.
766 3067 798 3117 18

183 3160 284 3209 codices
322 3158 456 3219 Suetonii,
492 3162 522 3205 nt
557 3171 640 3219 paene
675 3154 796 3204 omnium

183 3246 353 3308 scriptorum,
380 3242 464 3292 filium
484 3241 617 3289 triumviri
639 3239 748 3288 Antonii
771 3243 798 3287 et

184 3329 291 3379 Fuluiae
300 3326 553 3377 luliumnominant.
568 3323 797 3386 Repertademum

183 3412 351 3475 inscriptione
367 3411 444 3460 modo
460 3409 582 3470 laudata.
604 3422 685 3471 quam
702 3407 797 3457 confir-

184 3497 267 3545 mavit
275 3498 343 3545 alter
350 3496 447 3544 titulus
457 3493 484 3544 G.
492 3494 510 3543 1.
519 3491 686 3542 Lvllaom:
697 3492 732 3540 M.
739 3491 797 3542 Aa·

185 3580 322 3631 loniilalli
329 3581 422 3630 Patria
430 3579 590 3641 illusionis,
600 3579 686 3641 patuit
696 3578 798 3627 codices

184 3666 273 3715 Dionis
290 3664 348 3728 (51,
365 3664 411 3728 15,
431 3663 459 3726 7;
477 3663 523 3725 54,
541 3661 587 3725 80,
605 3661 632 3721 8)
650 3668 677 3712 et
694 3661 809 3714 Cassio.

184 3752 248 3800 dorii
266 3752 293 3800 in
312 3751 388 3800 lastis
406 3764 498 3799 verum
519 3763 677 3811 praenomen
698 3747 798 3795 lullum

183 3851 313 3899 servasse,
332 3841 359 3884 et
376 3835 445 3897 apud
465 3834 602 3883 Horatium
622 3831 669 3881 Od.
688 3831 721 3880 lV
736 3831 765 3894 8,
783 3829 798 3878 8

183 3936 236 3970 non
277 3936 307 3969 ex
348 3916 499 3969 conlectura
540 3915 717 3978 Peerlkampii
753 3916 799 3964 ille

83 4051 85 4054 .
183 4006 228 4054 sed
252 4004 320 4053 Ialle
343 4003 511 4052 scribendum
534 4015 598 4051 esse.
629 4000 713 4049 Iullus
731 4015 798 4063 quo-

183 4106 236 4155 que
270 4103 431 4152 praenomen
467 4088 567 4136 auctori
602 4086 689 4150 gentis
716 4085 798 4132 lullae

184 4176 249 4238 fuit,
275 4189 321 4237 pro
348 4189 401 4237 quo
426 4172 557 4236 Vergilius
581 4172 682 4234 primus
706 4171 798 4234 trisyl-

183 4259 267 4308 labice
308 4257 381 4306 lalus
419 4258 535 4320 scripsit,
574 4257 605 4305 cf.
645 4257 732 4304 Herm.
766 4254 799 4303 84

184 4358 207 4405 p.
231 4342 281 4392 155
304 4343 371 4392 Mus.
395 4342 479 4391 Rhen.
498 4342 530 4390 44
549 4357 572 4404 p.
591 4339 648 4391 317.

218 4427 301 4476 Fabio
324 4427 467 4489 Africano.
501 4427 543 4475 cui
568 4429 676 4490 plenum
702 4440 798 4474 nomen

184 4513 236 4561 fuit
260 4511 289 4570 Q.
308 4511 404 4560 Fabius
422 4510 554 4560 Maximus
573 4511 727 4572 Africanus,
753 4508 799 4571 qui

185 4602 276 4646 tamen
296 4595 392 4654 Quinti
410 4597 579 4659 praenomine
598 4595 699 4644 abiecto
718 4592 739 4641 Α
745 4593 799 4655 fri-

185 4697 283 4731 canum
317 4695 474 4743 praenomen
507 4681 602 4744 gessit,
637 4680 669 4730 cf.
696 4685 801 4742 praeter

183 4765 236 4814 ind.
262 4765 337 4814 Dion.
356 4765 372 4814 l.
397 4763 443 4827 54,
471 4770 498 4813 et
522 4765 631 4814 titulum
660 4767 799 4814 laudatum

184 4850 268 4907 (Dess.
287 4865 312 4898 n.
330 4847 387 4913 88),
412 4848 438 4898 G.
460 4851 478 4900 l.
497 4851 523 4900 L.
543 4849 658 4899 1111815
678 4866 708 4893 =
728 4851 799 4900 Desa.

853 2324 877 2356 n.
903 2306 982 2357 laec:
1002 2308 1029 2366 Q.
1048 2308 1149 2357 Fabius
1167 2308 1295 2370 Africani
1315 2310 1330 2358 l.
1345 2308 1467 2371 Cyllene,

852 2398 880 2440 et
909 2407 1037 2442 nummus
1067 2393 1136 2456 apud
1163 2393 1260 2443 Muller
1285 2392 1416 2442 Numism.
1435 2393 1467 2441 de

852 2478 980 2540 l’Al'rique
1017 2477 1039 2525 ll
1072 2476 1118 2526 bl:
1152 2475 1324 2540 Afriicanus)
1343 2475 1467 2539 0010103)

852 2560 1015 2624 Μαοσ115ουε)
1033 2577 1083 2612 cos.
1100 2577 1152 2625 pro
1170 2577 1239 2612 cona.
1264 2563 1314 2611 Vll
1326 2564 1369 2611 vir
1380 2564 1465 2626 epulo.

852 2648 891 2696 Ad
919 2649 990 2696 hunc
1016 2652 1044 2695 et
1070 2648 1179 2696 fratrem
1206 2648 1330 2697 Paullum
1355 2648 1466 2697 Fabium

852 2733 998 2782 Maximum
1022 2733 1154 2795 pertinere
1179 2733 1284 2782 videtur
1303 2731 1329 2782 G.
1350 2733 1368 2781 l.
1387 2733 1414 2781 L.
1433 2732 1466 2781 Vl

852 2816 918 2866 9810
938 2834 967 2861 =
987 2818 1058 2867 Dese.
1073 2832 1098 2866 n.
1113 2817 1192 2866 1957:
1210 2818 1237 2875 Q.
1250 2817 1361 2881 Fabius,
1376 2817 1467 2866 Maxi-

852 2918 962 2952 morum
981 2904 995 2952 l.
1013 2902 1134 2952 Anticus.

887 2988 944 3036 Kal.
963 2987 1033 3049 Aup.
1065 2987 1097 3036 cf.
1123 2987 1185 3035 fasti
1203 2985 1325 3036 Antiates
1342 2984 1381 3046 (G.
1400 2987 1418 3035 l.
1440 2987 1467 3035 L.

853 3071 883 3135 1²,
899 3070 973 3133 848)τ
991 3072 1021 3120 K.
1040 3071 1109 3132 Aap.
1133 3071 1169 3120 Ti.
1189 3069 1298 3132 Clamat
1313 3071 1385 3121 Coeo.
1396 3071 1465 3133 Aup.

853 3156 997 3218 nat(nlis)l‚
1010 3156 1083 3220 Spei,
1092 3156 1232 3218 Arlpnstas
1241 3154 1466 3218 Alexamdriom)

852 3245 957 3307 recepit.
969 3244 1036 3292 Fast.
1048 3242 1128 3291 Vallz
1140 3242 1247 3304 K.Aap.
1255 3242 1318 3304 Spei
1327 3243 1363 3291 ud
1374 3241 1466 3303 foruna

853 3327 1467 3386 liolilorirnuNatallis]TimocratiGermanici..

886 3414 982 3462 Eodem
1001 3413 1042 3462 die
1059 3414 1142 3476 igitur
1160 3412 1287 3462 Claudius
1304 3418 1383 3461 natus
1397 3417 1467 3475 erat,

851 3514 904 3561 quo
936 3499 1072 3560 Augustus
1106 3511 1128 3546 a.
1162 3495 1253 3559 784130
1279 3497 1467 3546 Alexandriam

852 3587 998 3645 receperat,
1034 3587 1061 3631 et
1096 3584 1226 3644 templum
1260 3582 1319 3645 Spei
1351 3583 1378 3631 in
1412 3583 1467 3631 foro

853 3668 974 3717 holitorio
1001 3667 1066 3727 (Liv.
1091 3665 1137 3729 81,
1168 3665 1214 3727 68,
1239 3665 1265 3727 4)
1290 3682 1305 3715 a
1330 3668 1363 3716 M.
1387 3666 1467 3715 Atilio

852 3750 972 3801 Calatino
991 3752 1058 3800 circa
1077 3765 1098 3798 a.
1118 3748 1227 3813 4961858
1245 3756 1344 3814 uotum,
1363 3752 1468 3800 dedica·

853 3842 911 3884 tum
930 3841 1001 3898 erat,
1020 3850 1089 3898 quae
1108 3835 1164 3884 sine
1183 3835 1263 3884 dnbio
1281 3840 1321 3883 est
1331 3850 1411 3884 causa
1421 3851 1469 3884 cur

852 3922 879 3970 in
891 3921 1008 3970 nummis
1017 3919 1060 3980 (cf.
1069 3920 1168 3970 Eckhel
1178 3921 1193 3968 d
1209 3936 1233 3968 n.
1242 3918 1331 3968 11038
1340 3937 1369 3963 =
1380 3918 1468 3969 Golren

853 4005 943 4054 Claud.
962 4021 987 4054 n.
1002 4004 1047 4065 88)
1063 4005 1276 4067 verbainscripta
1289 4005 1468 4054 inveniamus:

852 4090 917 4152 Spes
935 4090 1066 4152 Aupasta.

886 4176 1041 4237 Lapudaai.
1061 4174 1469 4237 ubisedeseratlegatiAugusti.

853 4256 969 4309 Antonia
981 4261 1065 4322 igitur
1078 4260 1204 4308 maritum
1219 4261 1246 4308 in
1256 4257 1368 4307 Galliam
1379 4264 1470 4307 secuta

854 4349 924 4403 erat3
952 4344 1103 4408 Augustum
1131 4358 1239 4407 quoqne
1267 4358 1312 4406 per
1339 4348 1468 4391 aestatem

854 4445 875 4478 a.
901 4426 992 4491 744110
1016 4429 1043 4477 in
1068 4427 1154 4477 Gallia
1179 4428 1281 4491 degisse
1309 4433 1402 4477 notum
1429 4432 1469 4476 est

853 4512 913 4575 (Dio
932 4513 977 4576 54,
996 4512 1043 4576 36,
1062 4513 1097 4574 4).

887 4612 916 4646 eo
942 4599 1000 4660 ipso
1026 4599 1069 4646 die
1088 4612 1241 4660 -qao-
1260 4612 1310 4645 nra
1336 4597 1467 4645 dedicata.

854 4681 1006 4731 Secundum
1045 4681 1203 4731 Suetonium
1235 4696 1280 4730 ara
1313 4681 1410 4730 Romae
1443 4687 1470 4729 et

855 4767 966 4827 Augusti
1002 4767 1122 4815 dedicata
1158 4771 1198 4815 est
1228 4766 1283 4815 llal.
1320 4765 1386 4828 Aug.
1413 4766 1470 4814 eins

855 4851 916 4898 anni
935 4866 988 4913 qno
1007 4849 1135 4899 Claudius
1154 4853 1234 4898 natus
1252 4854 1292 4898 est
1309 4854 1399 4898 contra
1415 4849 1469 4898 Liv·
