3322 5512
10 521 48 595 C.
77 524 131 594 10.

841 343 880 398 44

225 521 425 619 accitusque
476 534 512 597 et
559 525 635 620 ipse
687 549 748 620 per
798 527 857 598 Tr.
901 525 952 598 Pl.
992 526 1026 597 iu
1065 526 1196 599 curiam
1235 528 1281 601 ad
1320 528 1502 602 suadenda

259 711 374 786 Josepb.
403 714 473 772 Aru
501 713 566 773 Iud.
596 715 678 772 XIX
705 717 739 787 3,
771 719 806 788 3,
834 717 920 794 229„
950 721 1064 792 γνοῦσοι
1082 716 1107 779 δ’
1126 717 1142 789 ἡ
1160 715 1257 793 βουλὴ
1283 715 1332 779 τὸν
1351 716 1500 779 Κλαύδιον

220 815 278 878 ὑπὸ
309 823 365 881 τοῖν
391 822 579 898 στρατιωτῶν
604 817 779 903 ἀφιγμένον
804 823 844 893 εἷς
868 822 901 886 τό
927 821 1131 902 στροιτόπεδον
1158 822 1273 900 πέμπει
1299 822 1370 902 πρός
1394 823 1501 887 ἐκεῖνον

221 921 333 1002 όὶνδροοο
363 926 454 1006 amp
485 927 553 997 τοὺς
577 928 611 1009 ἐξ
635 930 732 992 αὐτοῖν
757 929 971 1014 (προῦχοντος
994 930 1079 988 addit
1098 930 1274 1016 Epitome),
1298 922 1323 994 oi
1346 928 1501 1012 διδόξειιιν

220 1037 263 1104 μη
288 1031 346 1094 δεῖν
371 1033 422 1096 ἐπὶ
446 1031 574 1117 κιοθέξει
598 1042 651 1108 τῆς
674 1036 774 1115 ἀρχῆς
798 1034 985 1120 βιόζεσθιιι,
1011 1043 1206 1118 ποιροοχωρεῖν
1231 1037 1261 1101 δέ
1282 1046 1318 1117 τῇ
1338 1040 1501 1117 συγκλήτῳ

220 1139 347 1203 τοσῶνδε
370 1141 481 1220 ἀνδρῶν
506 1136 558 1205 ένοι
584 1141 655 1207 όντιι
681 1144 858 1220 ἡσσώμενον.

259 1248 374 1323 Joseplr.
404 1248 421 1306 l.
452 1248 468 1307 l.
503 1251 538 1323 3,
571 1253 606 1324 4,
641 1253 713 1310 234.
756 1251 815 1314 Kal
848 1250 872 1315 oi
902 1252 958 1327 μὲν
992 1251 1180 1331 πρεσβευτοῖ
1205 1250 1366 1331 Οὐηριένιός
1390 1277 1425 1316 τε
1449 1252 1501 1315 nat

221 1353 375 1434 Βρόγχος,
406 1355 561 1437 δόμοιρχοι
589 1357 621 1421 δὲ
646 1352 721 1431 ἦσοιν
746 1358 933 1439 ἀμφότεροι,
958 1359 1057 1423 τοῖσδε
1081 1360 1213 1439 ἐχρῶντο
1238 1364 1299 1430 τοῖς
1324 1358 1424 1435 λόγοις
1450 1358 1502 1422 axi

219 1458 418 1526 κιοθικέτενον
453 1470 515 1534 τοῖς
550 1464 673 1540 γόνοισιν
709 1467 801 1529 ιιύτοῖι
837 1465 1057 1546 προσπεσόντες
1091 1466 1241 1543 μηδιιμῶς
1273 1465 1418 1542 πολέμοις
1449 1466 1501 1529 aa}

220 1577 323 1639 κιοκοῖς
347 1570 499 1647 ἐμβαλεῖν
524 1573 578 1645 την
604 1571 701 1636 πόλιν.
727 1571 907 1653 θεωροῦντες
932 1574 963 1637 δὲ
985 1577 1131 1654 στριοτιοῖς
1149 1571 1267 1672 πρηθόι
1283 1572 1333 1637 τὸν
1352 1573 1501 1637 Κλοιόδιον

222 1675 443 1757 πεφροιγμένον
468 1677 526 1765 axi
543 1679 576 1742 τό
600 1679 693 1756 μηδὲν
718 1679 786 1749 τοὺς
810 1679 946 1750 ὑπότους
970 1679 1059 1751 όντιις
1084 1680 1237 1761 συγκρίσει
1254 1689 1291 1760 τη
1312 1679 1383 1759 πρὸς
1400 1679 1501 1752 οιύτόν,

220 1784 350 1859 ἐπῆγον,
368 1784 393 1847 εἷ
404 1791 457 1857 τοῖς
471 1786 571 1865 ἀρχῆς
584 1785 734 1866 όρέγοιτο,
753 1786 838 1868 πκρόι
850 1795 904 1860 τῆς
917 1788 1030 1865 βουλῆς
1043 1785 1197 1868 δέχεσθιοι
1211 1786 1365 1864 διδομένην
1381 1786 1501 1849 ὀιῖσιώ-

218 1913 299 1968 τερον
324 1890 385 1971 γόιρ
410 1891 461 1955 uui
485 1893 745 1974 εὐδιιιμονέστερον
770 1892 909 1975 χρῆσθαι
933 1894 982 1959 τόν
1007 1897 1049 1972 μη
1076 1893 1158 1970 μετόι
1182 1893 1294 1974 ὕβρεως
1312 1894 1387 1956 ἀλλ’
1405 1892 1502 1975 εὐνοόρι

219 2001 275 2059 τῶν
300 1997 435 2061 διδόντων
461 2000 771 2079 παρελαμβάνοντο.

259 2105 319 2162 Dio
342 2108 396 2179 60,
422 2111 449 2176 1,
472 2111 499 2167 4.
542 2109 567 2172 οἱ
590 2110 616 2172 δ’
641 2107 752 2173 ὕποιτοι
776 2092 850 2180 τέως
873 2110 929 2186 μὲν
955 2107 1069 2179 ἄλλους
1093 2133 1127 2172 τε
1151 2109 1202 2171 axi
1220 2107 1401 2188 δημόρχονς
1419 2107 1501 2184 πέμ-

221 2235 329 2282 ποντες
360 2214 547 2295 ἀπηγόρευον
578 2217 660 2296 αὐτῷ
692 2216 784 2295 μηδὲν
816 2224 945 2281 τοιοῦτον
979 2223 1089 2290 ποιεῖν,
1121 2217 1195 2279 aar
1220 2214 1273 2279 ε’πό
1294 2239 1328 2278 τε
1351 2215 1392 2294 τιρ
1417 2214 1501 2292 δήμῳ

219 2316 270 2379 eal
293 2327 330 2398 τῇ
355 2319 452 2400 βουλῇ
478 2323 530 2386 aa}
554 2331 615 2394 τοῖς
638 2324 738 2401 νόμοις
764 2322 922 2400 γενέσθαι.

266 2425 363 2484 Victor
392 2428 471 2488 Ocea.
498 2430 547 2488 III
571 2434 598 2489 8.
641 2430 727 2505 Quod
754 2431 805 2491 ubi
833 2439 933 2508 patres
954 2450 1113 2507 accepere,
1141 2431 1268 2490 mittunt
1291 2428 1374 2488 ocius
1395 2446 1503 2487 ausum

219 2533 423 2609 comprimere.

253 2802 287 2867 [p.
295 2803 338 2867 43]
347 2805 700 2858 Auserem-libertatemte.
708 2810 834 2858 asserturi

218 2890 329 2940 liberam
339 2905 395 2939 rem
405 2891 544 2954 publicam.
556 2893 676 2957 Uterque
685 2895 776 2943 consul
784 2895 833 2942 hoc

219 2975 314 3037 voluit,
332 2976 364 3024 de
382 2975 472 3026 Sentio
490 2978 521 3026 cf.
541 2978 688 3027 orationem
706 2993 789 3041 quam
805 2979 831 3026 in

218 3065 313 3110 senatu
338 3062 433 3112 habuit
455 3060 569 3125 (loseph.
593 3062 654 3112 Ant.
679 3063 735 3112 Iud.
759 3062 831 3125 xlx,

218 3142 231 3206 5
256 3144 412 3209 lor-184),
440 3147 472 3195 de
495 3148 637 3210 Pomponio
662 3149 710 3197 lroc
733 3147 831 3196 diserte

218 3229 281 3278 dicit
298 3230 401 3293 loseph.
420 3232 435 3279 l.
455 3233 471 3280 l.
490 3229 503 3294 ἓ
520 3230 583 3295 263,
601 3233 638 3281 ita
656 3237 687 3280 ut
705 3232 831 3282 Claudius

219 3314 290 3362 hunc
307 3315 348 3363 rix
366 3319 458 3364 contra
476 3316 574 3366 milites
590 3332 694 3366 servare
707 3317 830 3379 potuerit.

218 3398 256 3448 cf.
264 3415 370 3463 quoque
378 3400 450 3449 Suet.
459 3399 567 3450 Gatoo:
577 3399 764 3464 ut(senotuut)
776 3417 831 3451 non

218 3484 248 3533 ιἰι
265 3486 386 3548 curioni,
404 3487 470 3548 quta
485 3486 561 3535 Julia
574 3488 831 3536 vocabatur-convo-

218 3576 318 3619 carent.
344 3569 446 3633 Joseph.
479 3570 539 3619 Aut.
573 3572 628 3620 lud.
661 3572 720 3620 XIX
743 3571 773 3634 2,
801 3570 831 3633 3,

217 3653 278 3704 186:
292 3651 408 3717 Χαιρέας
417 3651 446 3703 δὲ
456 3660 564 3718 σημεῖον
572 3653 628 3718 ᾔτει
638 3651 698 3709 τοὺς
708 3652 831 3715 ὑπάτους,

217 3736 243 3786 οἰ
265 3734 294 3787 δέ
315 3735 468 3802 ἐλευθερίαν
486 3736 587 3788 ἔδοσαν.
608 3741 697 3790 Sentio
716 3741 764 3789 lroc
782 3740 831 3789 sub

218 3824 326 3874 Claudio
345 3841 398 3874 non
416 3826 520 3888 nocuit,
539 3841 601 3874 nam
620 3826 675 3874 sine
693 3823 829 3873 dubioCu.

218 3909 338 3972 Sentius,
362 3911 407 3973 qui
430 3912 577 3959 secundum
604 3909 760 3971 Eutropium
786 3908 832 3957 Vll

217 3992 250 4042 13
259 4010 320 4043 cum
330 3995 359 4043 Α.
370 3995 473 4044 Plautio
488 3994 648 4057 expeditioni
664 3995 831 4043 Britannicae

218 4079 346 4141 praefuit,
365 4081 434 4128 idem
448 4085 501 4143 est,
518 4081 546 4137 (a
554 4079 659 4128 Nerone
669 4084 758 4127 tamen
769 4093 830 4126 eum

219 4170 343 4214 necatum
369 4180 425 4214 esse
452 4179 504 4213 non
528 4165 692 4228 negaverim,
717 4167 749 4214 ri.
772 4165 831 4214 Tac.

217 4249 283 4297 Hist.
302 4249 336 4297 lV
355 4248 381 4297 7:
400 4249 488 4311 fuisse
502 4249 665 4311 Vespasiano
678 4251 832 4299 αιιιόσῖιῖαιιι

217 4349 279 4381 rum
296 4361 328 4367 -
345 4333 451 4397 Senum,
475 4335 570 4382 collato
595 4335 673 4384 titulo
691 4334 831 4398 Saepinate

217 4424 279 4467 ante
297 4421 465 4468 consulatum
485 4419 605 4482 positoG.
622 4420 640 4469 l.
656 4419 682 4468 L.
699 4420 734 4468 IX
749 4418 829 4468 2460:

217 4501 327 4563 (νιοιιιοιι
351 4502 471 4566 erasum)
497 4503 543 4553 Cn.
569 4505 588 4565 f.
609 4502 782 4566 Saturnin[o]
804 4505 831 4561 Q.

132 4577 133 4581 ¹
221 4589 262 4637 Tr.
279 4589 320 4637 Pl.
335 4588 400 4652 Pa).
420 4591 561 4652 Pomponio
580 4596 670 4639 tamen
684 4590 739 4638 sine
753 4589 832 4638 dubio

217 4674 283 4723 haec
309 4675 360 4722 fuit
386 4689 478 4736 carisa,
504 4691 552 4722 cur
577 4676 654 4737 paulo
680 4679 736 4735 post
765 4690 780 4722 a
805 4675 830 4723 P.

218 4759 310 4809 Suillio
333 4760 402 4808 Rufo
420 4765 572 4822 accusatus,
596 4759 724 4821 particeps
741 4759 832 4807 sediti·

217 4845 274 4893 onis
298 4843 401 4893 Camilli
428 4843 591 4893 Scriboniani
617 4842 649 4905 (c.
676 4841 719 4906 13)
745 4844 832 4892 factus

887 2810 935 2871 sit,
965 2807 1025 2870 (hoc
1051 2808 1122 2857 enim
1149 2812 1222 2871 patet
1247 2822 1278 2856 ex
1304 2807 1501 2871 chronologica,

888 2899 966 2955 puto,
983 2893 1184 2941 enumeratione
1197 2906 1298 2954 eorum,
1316 2906 1384 2956 quos
1391 2891 1503 2941 Suillius

887 2992 944 3026 reos
970 2979 1069 3026 fecerat
1094 2978 1163 3040 apud
1188 2977 1247 3025 Tac.
1272 2977 1339 3025 Anu.
1364 2976 1424 3025 Xlll
1442 2975 1501 3040 43),

887 3075 1037 3125 nomenque
1060 3062 1117 3110 eius
1135 3077 1166 3110 ex
1184 3063 1260 3111 lastis
1277 3063 1409 3111 feriarum
1428 3062 1501 3111 Lali-

886 3160 981 3194 narum
1000 3145 1031 3207 (C
1058 3147 1076 3194 1.
1096 3146 1121 3194 L.
1142 3146 1174 3195 Vl
1192 3145 1269 3208 2015)
1287 3161 1393 3196 erasum
1410 3147 1453 3195 sit.

921 3229 954 3294 [p.
968 3229 1011 3293 43]
1031 3247 1202 3282 σοιιιιιιιιιιοιιι
1220 3233 1236 3280 i.
1249 3247 1271 3281 e.
1288 3233 1436 3295 plublicum.
1452 3233 1502 3282 hac

885 3314 1076 3378 significatione
1111 3317 1217 3379 saepius
1249 3318 1402 3366 communis
1431 3318 1502 3381 apud

885 3401 1024 3463 scriptores
1042 3405 1069 3449 et
1086 3401 1113 3448 in
1130 3401 1217 3450 titulis
1233 3401 1313 3450 huius
1323 3401 1418 3450 aetatis
1426 3401 1502 3451 inve-

886 3486 966 3535 nitur.
985 3485 1023 3535 Cf.
1042 3486 1163 3536 Momms.
1181 3485 1347 3535 Stadtrechtc
1365 3501 1388 3548 p.
1406 3484 1463 3535 457.

919 3571 1027 3619 ueritus.
1072 3572 1260 3634 magistriam,
1295 3570 1342 3632 qui
1376 3576 1502 3620 senatum

886 3654 979 3717 habet,
1010 3660 1146 3704 senatores
1176 3655 1203 3702 in
1236 3654 1337 3703 curiam
1368 3669 1502 3705 accersere

885 3742 912 3786 et
936 3739 1016 3786 etiarn
1040 3754 1132 3801 cogere
1150 3743 1248 3802 potest,
1272 3743 1302 3787 ut
1320 3739 1434 3788 veniant.
1461 3739 1500 3789 Of.

886 3824 1007 3872 Momms.
1025 3823 1086 3873 StR.
1106 3821 1207 3872 111937
1226 3823 1247 3870 Α
1266 3822 1288 3871 l.

919 3908 1072 3958 Secundum
1090 3907 1248 3958 Suetonium
1266 3907 1393 3957 Claudius
1408 3923 1424 3957 a
1439 3923 1501 3958 con-

885 3993 988 4041 sulibus
1013 3993 1040 4041 in
1058 3993 1160 4042 curiam
1178 3993 1277 4042 accitus
1295 3998 1346 4056 est,
1372 3993 1501 4042 nimirum

886 4083 917 4126 ut
942 4078 969 4126 in
997 4093 1088 4127 eorum
1115 4083 1246 4141 potestate
1269 4083 1346 4127 esset.
1372 4078 1503 4142 ‚Iosephus

886 4159 957 4221 (Ant.
977 4163 1032 4210 lud.
1051 4163 1111 4210 XlX
1129 4160 1141 4223 ἓ
1159 4160 1304 4223 rao-⁶233)
1326 4166 1416 4211 tamen
1438 4177 1501 4212 uar-

887 4250 927 4293 rat
949 4248 1049 4310 legatos
1067 4248 1150 4310 primo
1168 4246 1277 4296 Claudio
1296 4247 1451 4310 imperasse,
1472 4253 1502 4296 ut

886 4332 990 4380 senatui
1022 4331 1169 4394 oboediret,
1201 4332 1356 4394 bellumque
1386 4332 1502 4380 miriatos

886 4431 956 4478 esse,
981 4417 1002 4465 si
1020 4417 1150 4466 noluisset
1167 4415 1271 4478 (eadem
1290 4417 1372 4465 tradit
1389 4417 1436 4465 Dio
1454 4415 1501 4480 60,

886 4499 909 4563 1,
927 4499 967 4564 le),
990 4502 1036 4549 sed
1059 4516 1121 4551 cum
1141 4499 1282 4550 Claudium
1301 4499 1432 4549 militibus
1450 4501 1501 4549 cir-

886 4588 1041 4635 cumdatum
1069 4586 1209 4649 vidissent,
1241 4590 1315 4633 metu
1341 4589 1501 4648 commotoS,
1596 4620 1600 4626 -

886 4673 918 4720 iul
946 4686 1033 4734 genua
1059 4672 1116 4719 eius
1140 4671 1288 4720 accidentes
1312 4669 1431 4732 petiisse,
1456 4674 1500 4732 ut,

887 4757 908 4805 si
934 4757 1074 4819 imperium
1103 4761 1223 4819 cuperet,
1249 4769 1265 4803 a
1290 4758 1385 4802 senatu
1404 4755 1500 4802 saltem

887 4841 1023 4904 acciperet.
