3322 5512
105 540 208 613 fidem
254 541 402 614 liberare
447 563 515 614 non
562 549 700 638 posset,
746 542 781 614 iu
830 565 977 615 vacuum
1025 542 1103 636 lege
1151 540 1384 636 praediatoria

106 801 192 858 neret,
225 796 280 844 loco
306 797 433 859 pipnoris
457 798 573 858 praedia
599 812 649 846 sua
675 798 715 846 rei

104 879 227 940 publicae
251 879 393 942 abliparet.
422 880 544 930 Debitore
569 897 621 930 non
639 897 715 944 prae-

104 968 205 1027 stante,
244 979 312 1027 quae
343 965 512 1029 promiserat,
542 980 574 1014 ex
608 966 715 1016 arbitrio

105 1049 276 1111 magistratus
292 1049 434 1112 pendebat,
448 1053 540 1098 utrum
552 1050 633 1113 ipsius
643 1050 715 1100 debi-

104 1135 167 1183 toris
176 1135 244 1184 bona
253 1136 387 1186 an'statim
398 1136 500 1200 praedis
509 1137 622 1185 vendere
629 1136 715 1184 vellet.

137 1216 203 1280 (Hac
242 1219 269 1268 in
303 1236 331 1268 re
366 1221 488 1270 assentiri
523 1235 575 1269 non
610 1235 715 1284 possum

105 1303 280 1369 Mommseuo‚
308 1307 353 1368 qui
381 1304 561 1367 (Stadtrechte
584 1321 634 1354 von
658 1304 715 1356 Sal-.

105 1402 184 1450 pensa
201 1389 256 1438 und
274 1389 388 1453 Malaca,
406 1390 472 1440 Abh.
491 1391 538 1439 der
554 1389 642 1440 Siichs.
657 1388 716 1439 Ges,

104 1472 150 1520 der
168 1472 327 1524 Wissensch.
351 1475 387 1523 111
414 1490 437 1537 p.
456 1472 517 1537 471)
536 1475 638 1537 putavit
658 1475 716 1523 iure

104 1557 221 1607 Romano
247 1559 339 1608 statim
365 1561 392 1608 in
419 1559 527 1622 praedes
553 1560 621 1608 itum
647 1573 716 1622 csse,

103 1640 224 1706 bonaque
237 1642 362 1692 debitoris
374 1641 526 1707 (mancipis)
538 1648 596 1692 tum
607 1644 715 1693 demum

104 1727 185 1775 veniri
210 1729 338 1791 potuisse,
371 1729 393 1778 si
410 1728 432 1778 is
450 1729 531 1778 simul
549 1743 672 1791 manceps
690 1734 716 1777 et

104 1824 178 1873 praes
201 1811 308 1875 fuisset,
338 1813 415 1861 cuius
439 1813 476 1861 rei
500 1814 650 1875 exemplum
677 1813 716 1861 vir

104 1910 225 1944 summus
242 1896 291 1946 sibi
309 1897 439 1946 invenisse
457 1898 530 1947 visus
547 1903 587 1946 est
600 1898 626 1946 in
637 1898 715 1946 titulo

104 1979 248 2030 Puteolano
261 1979 299 2042 (G.
318 1981 336 2030 Ι.
355 1980 382 2029 L.
400 1979 489 2043 1577)
507 1980 561 2031 Col.
579 1982 616 2030 ill
635 1983 651 2031 l.
669 1981 715 2031 17:

105 2061 131 2112 C.
149 2063 269 2113 Blossius
286 2064 360 2113 idem
377 2079 465 2126 praes.

137 2148 201 2212 Sed,
225 2163 267 2197 me
291 2149 390 2212 iudice,
414 2149 516 2198 collatis
535 2149 620 2199 verbis
639 2149 714 2198 Pauli

104 2247 123 2281 s.
141 2248 163 2282 v.
186 2247 314 2296 manceps
337 2231 373 2296 (p.
390 2232 433 2282 lbi
448 2233 488 2295 M,
515 2248 538 2295 p.
555 2231 606 2281 139
620 2233 714 2282 Thew-

103 2316 189 2380 reck)·.
220 2320 269 2381 qai
300 2319 374 2368 idem
397 2333 479 2380 praes
503 2319 619 2382 dicitur,
650 2320 716 2381 arvia

105 2409 161 2451 tam
177 2403 256 2452 debet
270 2394 412 2466 praestare
428 2405 539 2466 populo,
562 2405 634 2466 quod
650 2418 715 2465 pro-

102 2488 193 2551 misit,
212 2484 299 2550 qaam
314 2489 351 2550 is,
370 2489 418 2550 qai
429 2503 481 2549 pro
494 2502 523 2536 ea
533 2503 614 2550 praes
627 2488 716 2550 factus

103 2579 142 2621 est
179 2573 257 2622 verba
290 2573 363 2622 idem
403 2586 483 2633 praes
519 2572 589 2620 idem
627 2574 717 2621 valent

103 2656 173 2719 quod
193 2671 334 2720 manceps,
352 2657 389 2705 ita
409 2661 440 2705 ut
458 2671 582 2719 manceps
600 2661 627 2705 et
640 2671 715 2719 prae-

104 2741 149 2790 des
180 2741 273 2790 eadem
300 2741 458 2803 obligatione
485 2745 655 2805 tenerentur,
682 2743 714 2791 cf.

103 2827 224 2876 Karlowa
247 2825 323 2888 (Hist
350 2827 402 2874 lua
423 2826 497 2874 Rom.
521 2825 544 2873 11
568 2841 590 2889 p.
615 2824 659 2888 48,
682 2824 715 2874 53

102 2909 183 2976 sqq.),
201 2912 247 2974 qui
265 2916 356 2960 tamen
374 2909 395 2962 (Ι
415 2926 438 2973 p.
457 2908 519 2973 243,
538 2909 561 2958 ll
579 2907 622 2969 31)
636 2909 715 2958 verba

102 2997 174 3045 tituli
192 2995 331 3045 Puteolani
349 2996 423 3044 idem
439 3009 520 3056 praes
538 2995 626 3043 minus
644 2998 714 3043 recte

102 3082 130 3130 in
154 3083 225 3130 huuc
243 3081 352 3130 modum
369 3080 521 3142 explicavit,
546 3083 577 3127 ut
595 3079 714 3142 praedes,

103 3167 228 3229 (quorum
250 3166 357 3214 nomina
374 3162 537 3227 sequuntur)
554 3164 625 3212 idem
643 3164 713 3226 quod

103 3264 225 3312 manceps
251 3264 267 3298 a
290 3249 433 3311 municipio
457 3248 601 3297 Puteolano
625 3253 714 3310 petere

104 3338 215 3396 possent.
233 3331 271 3381 Of.
290 3332 434 3395 Wiegand:
453 3333 494 3381 die
512 3333 714 3382 Puteolanische

103 3416 282 3464 Bauurkunde
308 3416 375 3465 Anu.
403 3416 526 3465 Fleckeis.
553 3416 642 3479 Suppl.
667 3416 714 3465 XX

104 3516 125 3562 r·
144 3499 193 3549 690
210 3499 279 3563 sul·

136 3586 246 3634 Inventa
270 3586 378 3634 demum
401 3588 458 3650 lege
479 3587 615 3649 municipii
634 3589 715 3636 Flavii

103 3669 251 3719 Malacitani
275 3668 314 3732 (C.
339 3670 357 3719 Ι.
376 3671 402 3719 L.
423 3669 540 3730 111964)
559 3671 713 3739 didicimus,

103 3755 204 3804 duobus
230 3755 313 3804 modis
332 3755 440 3817 praedes
457 3756 576 3804 veniisse.
604 3756 715 3820 Legitur

102 3836 171 3888 enim
203 3857 223 3888 c.
249 3839 295 3888 64:
324 3839 479 3902 Quicunque
504 3842 535 3889 iu.
562 3842 714 3902 numicipio

102 3924 196 3973 Flavio
213 3924 379 3973 Malacitano
398 3926 427 3974 in
444 3939 585 3974 contniuue
596 3927 714 3975 numici-

100 4010 178 4070 pium
201 4010 258 4058 eius
281 4010 417 4070 numictpi
434 4011 551 4070 praedes
568 4011 634 4071 facti
652 4017 714 4059 suut

101 4101 194 4158 erunt,
225 4109 348 4157 pilaeque
378 4095 493 4156 praedia
518 4102 627 4156 accepta
651 4101 715 4144 sum

102 4185 194 4241 erum,
219 4205 252 4252 .'
276 4180 297 4227 ii
323 4190 415 4228 amites
441 4185 467 4228 et
490 4194 560 4241 pirae
585 4181 715 4242 cuiusque

101 4277 195 4334 eorum
205 4269 264 4311 tam
275 4260 411 4325 [suerunt]
421 4271 513 4324 errent,
522 4279 584 4313 cum
594 4280 675 4326 praes
682 4292 715 4298 —

101 4346 190 4408 factus
216 4355 256 4396 est
280 4350 346 4411 erit,
378 4363 502 4411 quaeque
526 4355 618 4410 pastea
646 4365 714 4412 esse,

101 4445 163 4480 cum
180 4432 201 4480 ii
218 4433 331 4494 oblipati
349 4431 584 4495 essecaeper[u]nt
597 4431 714 4495 c[o]epe-

102 4517 171 4577 rint,
194 4541 227 4549 -
250 4517 279 4565 in
296 4531 438 4566 commuue
454 4519 637 4579 municipium
656 4520 715 4567 eius

102 4602 245 4664 municipii
277 4603 343 4651 item
375 4603 489 4665 ablipati
518 4601 716 4666 oblipat[a]que

101 4691 193 4748 sunto,
217 4688 259 4735 uti
278 4688 298 4735 ii
318 4684 405 4748 e[a]ue
421 4702 448 4749 p.
466 4687 498 4735 R.
517 4688 633 4750 oblipati
647 4689 714 4736 obli-

101 4776 197 4832 pataoe
220 4777 320 4834 essent,
347 4774 371 4821 si
389 4779 458 4835 aput
474 4787 531 4834 eos,
550 4774 597 4834 qui
615 4773 717 4821 Romae

101 4857 209 4906 aerario
240 4864 397 4920 praeessent
419 4858 440 4908 ii
462 4859 576 4923 praedes
599 4885 631 4893 -
649 4858 715 4920 facti

771 811 855 859 eaque
871 795 985 857 praedia
1003 795 1112 844 subdita
1126 795 1299 857 subsipnata,
1317 793 1385 842 obli-

769 888 866 944 pataoe
890 887 986 930 essent.
1017 878 1124 942 Easque
1152 880 1268 941 praedes
1300 893 1385 941 eaque

770 967 885 1028 praedia
904 991 937 998 —
952 965 983 1013 ΙΙ
999 965 1078 1027 airis,
1097 965 1384 1026 qui—praeerunt—

769 1051 884 1100 oeudere
910 1051 1050 1112 lepemque
1068 1049 1110 1097 his
1130 1048 1279 1098 vendundis
1296 1048 1384 1097 dicere

772 1137 813 1185 iris
831 1141 1002 1198 potestasque
1019 1141 1087 1189 esta.
1111 1134 1178 1182 diem
1195 1130 1279 1194 ea[m]
1300 1133 1384 1194 iepem

771 1222 795 1268 is
812 1219 891 1268 rebus
911 1220 1060 1269 vendundis
1078 1219 1184 1280 dicant,
1203 1219 1383 1280 quamlepem

770 1319 812 1353 eos
830 1306 878 1367 qui
894 1305 998 1354 Romae
1013 1305 1121 1353 aeraria
1136 1309 1285 1365 praeerunt
1300 1318 1314 1352 e
1327 1303 1384 1364 laps

770 1390 958 1451 praediatoria
973 1389 1119 1451 praedibus
1130 1388 1307 1450 praediisque
1318 1402 1382 1436 ven-

770 1474 871 1522 dundis
901 1474 992 1522 dicere
1023 1480 1172 1536 oporteret,
1203 1479 1250 1521 aut
1274 1475 1299 1522 si
1327 1475 1384 1534 lepe

769 1558 958 1620 praediatoria
989 1565 1140 1620 emptorem
1171 1572 1227 1607 nan
1249 1558 1383 1620 inveniet,

770 1657 855 1704 (paam
873 1643 959 1704 lepem
977 1645 1007 1691 in
1018 1657 1129 1692 aaarom
1139 1643 1284 1692 vendendis
1293 1642 1384 1692 dicere

769 1733 910 1788 oporteret.

803 1810 917 1861 Oarrtum
931 1813 1012 1875 igitur
1023 1813 1118 1860 iuit-
1126 1825 1179 1859 nan
1188 1812 1259 1873 lege,
1272 1810 1305 1859 cf.
1316 1811 1383 1859 Kar-

769 1898 837 1946 lowa
845 1897 862 1944 l.
872 1898 888 1946 l.
899 1897 922 1945 11
932 1912 955 1959 p.
964 1896 1010 1959 573
1028 1895 1109 1960 (apud
1120 1895 1216 1944 Gaium
1225 1895 1259 1943 tv
1269 1893 1316 1958 28,
1337 1894 1383 1944 ubi

769 1984 848 2029 antea
865 1980 1004 2044 legebatur
1021 1981 1078 2042 lepe
1092 1981 1294 2043 praediatoria,
1312 1995 1383 2028 nunc

769 2064 796 2112 in
819 2064 935 2113 editione
958 2063 1189 2114 Studemundiana
1212 2065 1310 2128 legitur
1328 2066 1384 2127 lepe

769 2147 902 2208 censoria)
926 2149 971 2198 sed
995 2149 1112 2197 edictum
1136 2148 1263 2210 praetoris
1287 2148 1318 2196 de
1343 2148 1384 2197 his

769 2233 847 2282 rebus
862 2234 929 2297 egit,
941 2235 973 2283 of.
987 2235 1043 2297 Dig.
1057 2231 1103 2296 23,
1116 2232 1146 2296 3,
1159 2232 1204 2282 54:
1219 2233 1305 2282 Gaias
1316 2234 1384 2282 libro

771 2319 806 2366 ad
815 2319 934 2367 edictum
941 2320 1087 2380 praetoris,
1101 2318 1178 2366 titulo
1187 2318 1220 2367 de
1226 2319 1384 2380 praediato-

771 2403 849 2452 ribus
861 2429 893 2436 —
908 2409 939 2452 ut
957 2403 1128 2466 magistratus
1144 2403 1252 2465 praedes
1271 2404 1383 2452 vendere

770 2492 912 2535 conaretur
924 2487 1118 2538 conditionibus
1131 2488 1220 2551 praedi
1232 2488 1383 2551 commodis,

770 2575 798 2618 et
815 2570 836 2619 si
854 2571 892 2619 ita
910 2586 962 2620 non
982 2572 1116 2636 venirent,
1134 2573 1162 2621 in
1180 2587 1308 2636 vacuum,
1325 2573 1341 2622 i.
1361 2588 1383 2621 e.

770 2654 827 2703 sine
860 2656 922 2704 ullis
953 2656 1155 2706 conditionibus.
1191 2657 1265 2705 Prior
1290 2658 1384 2707 modus

770 2739 900 2788 vendendi
916 2744 971 2789 tam
991 2741 1105 2789 usitatus
1122 2747 1193 2804 erat,
1218 2747 1261 2806 ut,
1288 2757 1384 2805 quam-

770 2838 851 2886 quam
876 2824 991 2872 venditio
1017 2826 1047 2874 in
1074 2841 1188 2874 uacuam
1216 2841 1300 2890 aeque
1325 2829 1383 2891 lege

770 2908 943 2970 praediatoria
968 2907 1060 2972 fiebat,
1084 2911 1130 2959 illa
1147 2911 1263 2960 venditio
1282 2912 1383 2974 proprie

770 3007 783 3041 e
802 2994 859 3055 lepe
876 2995 1062 3055 praediatoria
1080 2995 1277 3058 nominaretur,
1295 2996 1327 3044 ci.
1341 2997 1382 3045 lex

768 3077 844 3127 Mal:
861 3080 884 3126 si
903 3080 961 3141 lepe
972 3081 1159 3140 praediatoria
1170 3087 1320 3141 emptorem
1329 3095 1384 3130 iton

768 3164 895 3212 inveniet.
925 3162 976 3212 Cic.
1003 3164 1030 3212 in
1056 3165 1127 3213 Verr.
1147 3163 1222 3227 154,
1248 3163 1310 3214 lta:
1337 3166 1384 3214 ubi

768 3249 930 3296 corisuetudo
948 3249 979 3297 in
998 3248 1074 3297 bonis
1090 3250 1236 3310 praedibus
1246 3251 1382 3312 praediis-

768 3346 820 3394 que
837 3333 989 3381 aendundis
1007 3334 1132 3382 omnium
1149 3335 1302 3398 consulam,
1322 3350 1383 3384 cen-

769 3429 875 3478 sorum,
885 3423 1060 3480 praetorum,
1073 3424 1248 3479 quaestorum
1258 3420 1383 3482 denique,

771 3506 799 3547 ut
824 3501 929 3561 optima
954 3502 1106 3552 conditione
1129 3504 1164 3551 sit
1187 3504 1224 3566 is,
1248 3505 1309 3552 ciria
1327 3520 1383 3566 res,

769 3588 860 3634 caium
885 3588 1039 3647 periculum
1057 3587 1112 3634 siti
1138 3586 1274 3644 Quaenam
1292 3588 1382 3637 condi-

768 3670 853 3718 tiones
872 3671 1028 3720 venditionis
1045 3672 1103 3733 lege
1121 3672 1295 3734 praediatoria
1309 3687 1382 3735 emp-

768 3755 818 3803 tori
837 3756 926 3804 minus
938 3757 1092 3805 commodae
1102 3757 1215 3819 fuerint,
1234 3757 1382 3819 nescimus-3

769 3855 799 3887 ex
827 3839 891 3889 Gaio
924 3841 947 3888 ΙΙ
973 3839 1019 3889 61;
1050 3840 1117 3890 Item
1145 3842 1167 3889 si
1195 3856 1253 3890 rem
1280 3841 1380 3903 ablipa-

770 3931 827 3972 tam
853 3925 906 3972 sibi
931 3926 1047 3986 populus
1073 3926 1240 3988 vendiderit,
1270 3941 1384 3989 eamque

768 4011 896 4058 dominus
919 4011 1082 4072 possederit,
1111 4025 1234 4059 concessa
1259 4017 1298 4059 est
1319 4027 1383 4060 usas

769 4097 901 4156 receptia,·
927 4097 972 4143 sed
1001 4096 1049 4143 lroc
1066 4110 1130 4143 casu
1147 4096 1293 4156 praedium
1311 4096 1383 4145 bien·

769 4180 815 4228 nio
834 4181 1029 4242 usurecipitur,
1048 4185 1074 4228 et
1091 4179 1138 4227 hoc
1151 4185 1203 4241 est,
1221 4179 1293 4240 quod
1304 4179 1383 4239 oirlpo

769 4264 871 4311 dicitur
910 4279 944 4312 erc
977 4265 1155 4325 praediatura
1189 4264 1383 4324 possessionem

771 4349 922 4409 usurecipi;
946 4363 1011 4397 nam
1031 4349 1077 4410 pai
1095 4353 1233 4396 mercatur
1249 4363 1265 4396 a
1282 4350 1383 4410 papula

766 4433 927 4494 praediator
944 4433 1112 4494 appellatur,
1139 4448 1200 4481 cum
1218 4433 1383 4482 Mommseno

770 4519 805 4566 l.l.
825 4534 847 4580 p.
866 4516 928 4579 lta,
947 4517 1068 4565 Karlowa
1086 4518 1102 4565 l.
1112 4517 1128 4564 l.
1148 4517 1170 4565 ΙΙ
1182 4534 1204 4580 p.
1215 4516 1247 4566 58
1256 4518 1382 4582 colligen-

770 4603 833 4651 dum
858 4616 914 4650 esse
939 4601 1056 4663 videtur,
1080 4602 1129 4650 hac
1147 4602 1296 4650 venditione
1314 4602 1383 4651 baua

770 4704 820 4736 usu
840 4686 918 4748 recipi
938 4686 1060 4747 patuisse.

803 4772 838 4820 Ut
847 4777 938 4820 tamen
948 4771 979 4820 ad
989 4770 1129 4819 Claudium
1141 4776 1312 4830 revertamur,
1322 4783 1383 4816 cum

769 4861 871 4906 statuta
889 4857 930 4905 die
949 4855 1028 4904 fidem
1046 4870 1122 4904 suum
1141 4870 1193 4903 non
1206 4853 1383 4914 liberavisset,
