3322 5512
861 337 900 395 74

141 577 148 591 .
240 543 307 593 non
342 520 444 593 modo
478 520 558 594 albo
583 521 736 595 iudicum
761 520 884 614 erasit,
919 522 1041 595 sedin
1068 523 1350 618 peregrinitatem
1375 522 1521 618 redegit.

240 646 315 719 Nec
339 670 550 741 quemquam
576 647 643 719 nisi
669 670 734 720 sua
761 671 862 740 voce,
896 657 1085 743 utcumque
1110 650 1190 743 quis
1215 658 1351 744 posset,
1377 672 1419 721 ac
1445 647 1522 721 sine

240 780 385 868 patrono
411 772 579 846 rationem
605 773 698 846 vitae
724 796 851 869 passus
878 782 932 846 cst
957 772 1112 847 reddere.
1140 773 1353 867 Notavitque
1374 771 1521 862 multos,

240 906 275 970 et
306 896 477 992 quosdam
511 898 721 994 inopinantis
756 907 790 971 et
823 922 866 970 ex
901 921 1009 972 causa
1043 898 1124 971 novi
1159 898 1316 993 generis,
1354 896 1449 992 quod
1483 919 1522 969 sc

240 1021 348 1095 inscio
384 1046 425 1095 ac
462 1022 538 1096 sine
572 1031 763 1096 commeatu
798 1023 904 1096 Italia
938 1024 1188 1114 excessissent,
1227 1022 1403 1118 quendam
1437 1043 1522 1093 vero

241 1155 275 1218 et
308 1146 402 1241 quod
435 1169 550 1220 comes
584 1147 677 1242 regis
702 1148 737 1220 in
763 1148 943 1244 provincia
968 1148 1110 1239 fuisset,
1144 1151 1317 1239 referens,
1351 1145 1521 1218 maiorum

238 1271 451 1366 temporibus
475 1271 619 1344 Rabirio
646 1270 827 1365 Postumo,
854 1271 1095 1346 Ptolemaeum
1120 1272 1374 1345 Alexandriam
1400 1267 1520 1343 crediti

239 1537 297 1580 erat
313 1530 357 1594 (cf.
372 1532 423 1582 Cic.
438 1535 503 1582 Phil.
516 1534 546 1597 5,
564 1534 593 1597 5,
611 1532 657 1584 13:
676 1551 743 1584 narni
755 1536 852 1585 Latine

238 1617 326 1679 sciti).
353 1619 425 1668 Hanc
443 1619 476 1667 ob
494 1634 601 1668 causam
619 1620 647 1668 in
665 1626 739 1683 parte
757 1619 850 1670 Orien-

239 1704 286 1752 αττ
303 1703 406 1766 imperii
424 1690 536 1752 nomam
554 1702 610 1765 <uus
629 1720 662 1754 ne
680 1706 773 1755 uvius
790 1707 850 1770 qm-

239 1789 299 1836 dem
336 1789 453 1836 Romana
484 1803 560 1850 saepe
593 1790 655 1838 data
680 1796 733 1853 est,
765 1791 798 1839 cl.
824 1791 850 1838 E.

239 1873 351 1935 Dorsch,
370 1872 401 1920 de
419 1872 532 1921 civitatis
550 1873 624 1921 Rom.
643 1875 719 1936 apud.
739 1873 851 1923 Graecos

239 1959 423 2022 propagatione
450 1958 620 2007 Vratislaviae
644 1956 721 2019 1886)
752 1960 852 2008 iudices

238 2048 265 2091 et
294 2044 398 2106 equites
429 2043 503 2092 Rom.
534 2058 592 2093 raro
624 2044 785 2107 reperimus,
819 2045 849 2093 cf.

238 2129 385 2177 Mommsen
408 2127 468 2178 StR.
487 2127 588 2177 111537
607 2128 628 2176 A
647 2128 668 2177 7.

271 2228 326 2262 non
337 2213 505 2262 moola-sed.
523 2213 560 2262 sic
569 2217 674 2275 praeter
683 2213 754 2261 hunc
764 2215 851 2262 locum

238 2298 311 2349 Caes,
328 2298 374 2348 60:
393 2305 571 2348 cantantum
590 2300 738 2362 destinato,
756 2300 802 2347 seul
819 2314 852 2348 ea

238 2385 381 2433 occasione.
408 2384 473 2446 Aug.
491 2381 536 2431 88:
564 2398 619 2432 non
636 2383 716 2432 modo
734 2385 851 2445 litteras,

237 2469 284 2518 sed
309 2468 438 2530 syllabas.
466 2465 539 2516 Galb.
565 2466 611 2517 29:
643 2483 699 2518 non
723 2470 803 2517 niodo
819 2494 851 2502 —

237 2555 333 2616 palam
350 2558 505 2616 exceptura,
524 2554 570 2602 sed
587 2579 620 2587 —-
638 2560 753 2603 oratura.
783 2553 852 2603 Alibi

238 2652 342 2701 semper
365 2638 411 2686 sed
433 2638 517 2685 etiarn
541 2638 582 2686 vel
604 2638 650 2687 sed
668 2644 700 2687 el.
718 2635 775 2698 (sed
793 2651 852 2686 onr-

237 2725 303 2773 nino
317 2722 367 2771 Tit.
385 2721 413 2771 7:
431 2737 485 2771 non
501 2723 582 2771 rnodo
599 2722 690 2783 sonere
702 2723 851 2785 prolixias,

237 2811 283 2859 sed
300 2816 421 2871 spectare
437 2808 548 2857 onlnino
565 2805 738 2869 supersedit).

271 2896 301 2943 in
326 2894 554 2956 peregrinitatem
585 2891 696 2953 redegit.
731 2891 851 2939 assentiri

238 2994 291 3028 non
309 2993 415 3041 possum
434 2978 597 3026 Mommseno
612 2976 718 3038 putanti
730 2990 786 3023 rem
799 2990 851 3024 non

238 3070 359 3114 accurate
383 3079 398 3113 a
422 3062 548 3113 Suetonio
578 3061 703 3110 traditam
726 3075 783 3109 esse
807 3059 851 3120 (ef.

238 3148 298 3198 StR.
324 3146 360 3198 ΙΙ3
385 3146 452 3197 1099
471 3144 651 3194 :11210452
684 3146 755 3207 „und
773 3159 851 3193 wenn

237 3233 365 3283 Claudius
397 3234 436 3281 als
469 3231 567 3281 Censor
598 3232 643 3280 das
675 3231 851 3294 Biirgerrecht

238 3318 387 3367 aberkannt
404 3318 491 3366 haben
510 3318 572 3379 soll,
591 3331 619 3365 so
637 3317 672 3365 ist
690 3316 773 3384 damit
786 3316 849 3364 viel-

237 3404 318 3453 leicbt
340 3418 391 3451 nur
414 3403 455 3452 die
476 3403 545 3451 auch
563 3402 657 3450 friiber
674 3402 734 3450 dem
752 3400 851 3450 Censor

237 3492 379 3552 gestattete
411 3488 699 3549 Rechtsschmiilerung
723 3500 849 3549 ungenau

237 3570 431 3635 bezeichnet'¹),
449 3586 525 3635 narn,
544 3576 575 3620 ut
592 3571 850 3620 reverahominema

237 3658 347 3708 Claudio
365 3658 471 3707 civitate
488 3657 620 3718 privatum
634 3656 714 3704 fuisse
726 3660 852 3717 putemus

237 3745 351 3793 suadent
367 3748 394 3792 et
411 3743 468 3806 ipsa
480 3740 559 3790 verba
571 3740 690 3790 Suetonii
703 3741 733 3789 in
743 3754 850 3801 perepr.

237 3830 354 3891 redegit,
385 3832 413 3878 et
441 3829 514 3876 locas
540 3828 626 3889 plane·
643 3825 736 3874 similis
762 3825 852 3872 Dionis

236 3912 335 3976 60,17,
353 3912 369 3960 d
387 3910 421 3973 (a.
441 3909 556 3974 796143):
575 3906 603 3958 ἓν
620 3905 649 3958 δὲ
667 3914 698 3974 τῇ
712 3905 850 3973 διαγνώσει

237 3994 316 4061 ταύτῃ
341 3992 411 4060 (περὶ
429 3999 482 4043 τῶν
499 3991 612 4043 Λυκίων
630 3990 850 4055 στασιασάντων),

236 4079 347 4130 ε’ποιεῖτο
375 4076 404 4129 δὲ
429 4076 512 4144 αὐτὴν
537 4076 565 4127 ε’ν
591 4085 628 4142 τῷ
654 4075 851 4143 βουλευτηρίῳ,

236 4163 350 4216 ἐπύθετο
374 4170 405 4230 τῇ
429 4162 551 4214 Λατίνων
574 4161 679 4228 γλώσσῃ
700 4166 754 4211 τῶν
770 4178 850 4224 πρεσ-

235 4249 339 4315 βευτῶν
367 4267 449 4309 τινος,
480 4247 585 4299 Λυκίου
610 4243 659 4310 μὲν
685 4244 713 4296 τὸ
740 4244 851 4309 ἀρχαῖον

237 4334 324 4395 ὄντος,
338 4333 473 4398 Ῥωμαίου
491 4331 521 4383 δὲ
537 4331 672 4398 γεγονότος
683 4346 688 4356 ·
698 4328 744 4380 καί
757 4328 850 4389 αὐτόν,

236 4416 325 4484 ἐπειδὴ
349 4415 386 4483 μὴ
412 4423 511 4483 συνῆκε
535 4414 563 4467 τὸ
581 4413 690 4481 λεχθέν,
714 4412 760 4480 τὴν
777 4414 850 4464 πολι-

237 4503 306 4553 τείαν
329 4501 464 4568 ἀφείλετο,
488 4499 570 4552 εἰπὼν
592 4499 630 4566 μὴ
649 4500 704 4551 δεῖν
718 4499 850 4562 Ῥωμαῖον

236 4586 300 4638 εἶναι
332 4586 376 4638 τὸν
406 4585 443 4654 μὴ
475 4585 521 4638 καὶ
553 4583 599 4652 τὴν
627 4583 741 4644 διάλεξίν
772 4602 851 4650 σφων

236 4671 413 4737 ἐπιστάμενον.
438 4669 551 4736 συχνοὺς
575 4669 604 4722 δὲ
628 4669 660 4736 δὴ
686 4669 731 4721 καί
755 4669 850 4726 ἄλλους

905 1552 966 1585 cnm
990 1537 1115 1585 scriberet
1138 1534 1210 1597 (StR.
1235 1533 1271 1584 11³
1294 1533 1382 1584 89911
1401 1533 1417 1584 1
1436 1549 1466 1576 =
1485 1529 1521 1581 ll²

905 1619 966 1681 857)
984 1621 1155 1683 imperatoria
1171 1626 1259 1670 aetate
1272 1620 1373 1669 nemini
1384 1619 1521 1668 civitatem

906 1705 1057 1767 ademptam
1083 1706 1165 1755 fuisse
1189 1706 1240 1754 nisi
1264 1710 1368 1768 propter
1391 1704 1521 1753 delictum

906 1804 1005 1852 poenae
1029 1791 1092 1839 loeo.
1117 1790 1204 1839 Minus
1227 1796 1298 1839 recte
1315 1794 1406 1837 tamen
1424 1788 1520 1838 Sueto-

906 1875 966 1923 nius
990 1875 1054 1922 haec
1072 1875 1109 1923 ita
1127 1875 1229 1937 scripsit
1246 1876 1322 1938 quasi
1340 1873 1468 1923 Claudius
1488 1877 1520 1921 ut

905 1974 998 2008 censor
1028 1960 1092 2008 haec
1118 1961 1237 2020 fecisset,
1271 1974 1333 2008 nem
1366 1964 1397 2006 ut
1428 1972 1522 2007 censor

907 2044 1041 2092 hominem
1073 2059 1104 2092 ex
1131 2044 1189 2092 elbo
1216 2044 1334 2093 indicum
1360 2043 1442 2092 erasit
1467 2041 1521 2102 (vel

905 2143 1007 2191 equum
1048 2129 1160 2177 vendere
1200 2128 1302 2192 iussit),
1337 2133 1368 2177 ut
1402 2128 1522 2190 princeps

906 2211 1026 2276 (principi
1048 2214 1120 2262 enirn
1150 2215 1198 2262 hoc
1215 2214 1304 2276 licuit,
1322 2214 1354 2262 cf.
1373 2213 1522 2261 Mommsen

907 2300 922 2346 l.
942 2300 958 2347 l.
978 2299 1012 2346 lll
1030 2297 1091 2357 111)
1109 2299 1215 2347 civitate
1234 2299 1351 2361 privavit.

939 2399 989 2431 saa
1014 2398 1138 2432 noce—ac
1167 2385 1226 2431 sine
1249 2390 1374 2445 patrono.
1402 2383 1463 2444 hoc,
1491 2387 1522 2431 ut

906 2470 1024 2531 videtur,
1050 2474 1142 2517 contra
1168 2483 1269 2517 morem
1294 2468 1357 2516 fecit
1380 2466 1521 2530 Claudius,

906 2556 939 2603 cf.
962 2553 1029 2603 Geli.
1053 2553 1082 2617 ll,
1106 2552 1152 2617 ab,
1176 2552 1205 2602 8:
1229 2554 1410 2603 deliberatam
1433 2559 1473 2602 est
1489 2553 1523 2602 de

907 2647 971 2689 nola
996 2643 1068 2702 eills,
1094 2642 1143 2703 qai
1170 2640 1206 2688 ad
1228 2653 1350 2688 censores
1374 2639 1408 2687 ab
1433 2639 1522 2688 antico

906 2727 1050 2774 advocatas
1082 2731 1135 2787 est,
1167 2730 1205 2787 et,
1231 2725 1261 2772 in
1287 2726 1348 2773 iare
1373 2729 1462 2786 stans,
1488 2749 1522 2757 —

906 2810 1034 2859 oscitavit.

939 2894 1229 2943 rationem-reddere.

906 2980 1041 3028 neminem
1069 2979 1198 3028 notabant
1224 2978 1274 3026 nisi
1299 2991 1379 3026 causa
1402 2977 1522 3040 cognita,

906 3067 938 3115 cf.
957 3066 1104 3114 Mommsen
1123 3064 1184 3114 StR.
1202 3062 1238 3112 ΙΙ3
1255 3060 1305 3111 385
1318 3062 1339 3110 A
1352 3061 1408 3110 3:
1419 3058 1522 3110 112371.

939 3166 1020 3199 cansa
1044 3151 1107 3200 novi
1132 3150 1247 3211 generis.
1274 3147 1305 3196 ob
1332 3161 1414 3210 quam
1442 3160 1521 3195 nemo

907 3250 1036 3298 tamquam
1054 3240 1133 3283 antea
1150 3238 1258 3282 notatus
1274 3236 1339 3281 erat.
1355 3232 1414 3279 lure
1428 3234 1520 3279 tamen

904 3319 1032 3369 Claudius
1059 3320 1107 3368 boc
1132 3319 1209 3381 fecit,
1235 3333 1298 3366 nam
1322 3330 1406 3380 quare
1423 3329 1521 3379 quern-

904 3420 985 3470 quam
1016 3411 1107 3453 notare
1130 3406 1222 3465 vellet,
1248 3403 1273 3451 id
1297 3402 1379 3450 libero
1403 3399 1521 3448 censoris

904 3490 1012 3538 arbitrio
1030 3490 1187 3551 permissum
1205 3492 1269 3536 erat.

939 3576 996 3622 sine
1029 3579 1187 3622 romareata.
1222 3572 1418 3633 intelleguntur
1443 3583 1518 3617 com-

906 3664 1010 3708 meatus
1035 3663 1202 3719 senatorum,
1226 3658 1257 3704 de
1280 3655 1378 3719 quibus
1396 3654 1429 3702 cf.
1447 3654 1480 3702 ad
1500 3669 1520 3703 c.

905 3742 950 3792 23:
976 3749 1142 3792 conameatas
1174 3757 1191 3790 α
1221 3746 1317 3790 senata
1347 3739 1403 3800 peti
1430 3737 1522 3787 solitos

906 3827 1024 3890 benificii
1041 3827 1084 3874 sui
1103 3826 1174 3887 fecit.

938 3912 1050 3960 Rabirio
1074 3911 1210 3959 Postumo.
1237 3907 1263 3957 C.
1283 3908 1405 3957 Rabirius
1424 3907 1520 3956 Postu-

906 4012 978 4058 mus,
997 3996 1023 4044 C.
1037 3994 1121 4044 Curtii
1135 3995 1217 4056 nlius,
1236 3994 1377 4056 adoptatus
1389 3991 1422 4040 ab
1435 4007 1520 4040 avun-

905 4083 964 4130 culo
988 4080 1014 4129 b.
1040 4079 1159 4140 Rabirio,
1183 4093 1214 4127 eo
1233 4092 1313 4140 quem
1331 4076 1522 4139 perduellionis

906 4180 980 4213 reum
1013 4162 1101 4212 Cicero
1128 4162 1247 4211 defendit
1272 4158 1315 4223 (cf.
1342 4160 1394 4210 Cic.
1420 4175 1466 4223 pro
1493 4159 1520 4210 0.

905 4249 968 4298 Rab.
1002 4249 1070 4297 Post.
1102 4247 1131 4310 ⁶2,
1157 4245 1180 4296 3.
1213 4245 1258 4308 17,
1286 4244 1343 4308 15),
1370 4245 1521 4294 Ptolemaeo

905 4333 1016 4381 Auletae
1040 4332 1096 4395 regi
1119 4331 1246 4394 Aegypti,
1269 4330 1310 4378 cui
1335 4330 1416 4378 etiam
1442 4335 1522 4378 antea

905 4433 1030 4480 magnam
1054 4417 1181 4480 pecuniae
1204 4426 1337 4463 summam
1361 4420 1456 4463 mutuo
1474 4414 1520 4462 de-

905 4503 992 4565 derat,
1018 4517 1031 4550 e
1051 4516 1130 4565 regno
1148 4500 1257 4562 expulso
1274 4500 1362 4549 denuo
1379 4498 1520 4561 pecuniam

904 4587 1022 4636 credidit.
1048 4587 1147 4649 Regem
1175 4585 1206 4633 ab
1230 4585 1259 4632 A.
1279 4583 1404 4646 Gabinio,
1429 4582 1520 4646 Syriae

905 4673 1072 4733 proconsule,
1113 4671 1187 4718 iussu
1229 4669 1345 4732 Pompeii
1379 4668 1519 4717 reductum

1281 2906 1402 2941 censores
1449 2893 1521 2942 enim

236 4758 282 4808 καὶ
299 4755 423 4816 ἀναξίους
441 4762 486 4822 τῆς
502 4755 631 4812 πολιτείας
649 4754 781 4822 ἀπήλασε,
804 4758 850 4820 qui
904 4754 938 4816 (a.
957 4754 1065 4818 699155,
1090 4756 1121 4803 cf.
1141 4755 1188 4804 Dio
1206 4752 1251 4816 39,
1275 4751 1333 4816 55),
1352 4752 1474 4802 Rabirius
1492 4753 1519 4800 in

236 4848 308 4895 locus
325 4845 520 4893 Momrnsenum
537 4844 618 4892 etiam
634 4844 732 4907 fugisse
746 4843 851 4891 ridetur
905 4843 1054 4905 Aegyptum
1074 4840 1216 4889 comitatus
1233 4836 1347 4900 est(fuit
1359 4842 1450 4888 autem
1463 4837 1520 4888 sine
