3322 5512
860 329 895 384 1‘2

46 507 85 581 C.
115 514 144 581 1.
237 510 311 582 Nec
345 519 526 584 contentus
560 511 710 606 elogium
737 512 870 585 tumulo
896 512 971 585 eius
998 514 1158 586 versibus
1184 539 1205 586 a
1227 538 1265 587 se
1291 515 1518 611 compositum

235 633 480 730 insculpsisse,
514 635 618 708 etiam
653 635 746 709 vitae
778 637 980 710 memoriam
1006 661 1111 734 prosa
1136 638 1291 712 oratioue
1318 640 1517 736 composuit.

284 760 341 831 Ex
366 757 520 833 Antonia
533 759 664 833 minore
679 761 874 856 complures
887 762 1026 856 quidem
1040 763 1167 836 liberos
1186 763 1282 853 tulit,
1308 787 1429 837 verum
1447 773 1518 839 tres

234 882 373 956 omnino
397 883 553 978 reliquit:
580 885 844 976 Germanicum,
871 885 1054 975 Livillam‚
1082 886 1279 960 Claudium.

282 1009 328 1080 II.
380 1007 552 1082 Claudius
598 1017 702 1082 natus
748 1019 802 1083 est
847 1010 939 1083 Iullo
982 1009 1152 1103 Antonio,
1200 1012 1312 1086 Fabio
1350 1011 1517 1087 Africano

270 1178 339 1236 *Tea
361 1180 440 1237 Ann.
462 1178 522 1252 111,
547 1182 574 1237 5.
597 1179 739 1239 defletum
760 1179 792 1238 in
812 1180 890 1253 foro,
911 1180 1066 1238 laudatum
1086 1199 1140 1257 pro
1162 1181 1275 1240 rostris.

278 1285 339 1343 Ταο.
361 1287 441 1344 Anu.
463 1285 516 1359 IV,
537 1287 587 1344 44.
609 1286 679 1362 Ipse
700 1286 872 1363 (Domitius)
894 1286 1028 1347 delectus
1050 1286 1098 1346 eui
1120 1286 1216 1346 minor
1237 1287 1366 1347 Antonia
1386 1288 1515 1348 daretur.

300 1434 316 1464 „
399 1435 414 1464 „
465 1391 543 1465 XII,
568 1394 615 1451 64.
637 1391 790 1470 (Domitia)
811 1393 940 1470 Lepida,
963 1393 1076 1452 minore
1097 1393 1226 1453 Antonia
1247 1394 1357 1470 genita.
1371 1443 1380 1461 ,.

276 1498 355 1556 Suet.
372 1499 431 1557 Gai
443 1501 466 1557 1.
488 1497 691 1572 Germanicus,
704 1499 735 1559 C.
746 1499 881 1559 Caesaris
891 1505 984 1576 peter,
996 1499 1087 1559 Drusi
1098 1505 1128 1559 et
1140 1500 1262 1559 minoris
1270 1502 1416 1562 Antoniae
1427 1502 1516 1562 filius.

307 1648 322 1676 „
364 1605 442 1663 Nero
465 1607 493 1663 5.
535 1605 706 1682 (Domitius)
727 1606 856 1665 Antonia
877 1607 987 1665 maiore
1008 1613 1123 1683 patrem
1143 1606 1271 1666 Neronis
1292 1609 1469 1685 procreavit.

232 1706 236 1714 '
273 1711 404 1785 111848,
428 1713 476 1785 54,
497 1713 524 1769 4.
549 1711 600 1774 κα)
625 1713 735 1782 ἐκεῖνος
761 1713 957 1798 (Ἀντώνιος)
983 1714 1024 1792 τῷ
1054 1713 1262 1792 Δομιτίῳ-τὴν
1286 1715 1379 1778 αὑτοῦ
1404 1715 1459 1788 τὴν
1483 1716 1517 1778 ἐκ

233 1822 286 1887 τῆς
309 1816 491 1887 Ὀιιταοοίνς
515 1818 539 1880 οἱ
563 1815 762 1893 γεννηθεῖσαν
788 1817 991 1904 (beraeae)
1018 1819 1165 1894 ἠγγύησε,

272 1924 332 1983 Dio
355 1927 409 1997 60,
433 1926 468 1998 2,
489 1926 513 1982 Ι.
557 1925 707 1994 Κλαύδιος
738 1927 792 1998 τὴν
824 1925 1033 2005 οιύτοκρύτοροι
1065 1925 1165 2004 cinxia
1198 1923 1305 2002 ἔλαβε.
1331 1964 1375 1974 -
1402 1920 1458 2002 ἦγε
1482 1927 1514 1990 δὲ

234 2030 434 2102 πεντηκοστὸν
459 2029 519 2101 ἔτος
542 2037 596 2103 τῆς
621 2031 749 2105 ἡλικίας.

266 2204 384 2265 etoqtnm
411 2203 755 2267 uersibus-conzpositunr.
789 2203 844 2253 Au·

233 2291 328 2349 gustus
346 2288 393 2349 qui
411 2288 530 2337 modicus
548 2291 625 2352 poeta
640 2293 698 2338 eret
713 2287 757 2350 (cl.
770 2288 843 2338 Suet.

233 2371 299 2434 Aug.
323 2369 367 2432 85)
390 2371 470 2422 Attici
493 2376 644 2436 exemplum
663 2379 770 2423 secutus
788 2388 844 2423 esse

232 2457 350 2517 ridetur,
373 2458 405 2505 rt.
424 2456 510 2519 Nepos
527 2457 574 2507 Ait
598 2456 645 2520 18,
669 2457 698 2506 5:
724 2473 845 2521 nonique

232 2542 352 2590 uersibus
376 2542 409 2591 ote
425 2543 494 2591 viris
512 2544 560 2605 qui
578 2543 678 2592 bonore
696 2558 845 2606 rerumque

231 2632 370 2687 qestarurn
387 2628 571 2689 anrplitudine
588 2633 687 2677 ceteros
707 2643 844 2691 -praes-

233 2711 359 2773 titerunt,
384 2712 508 2773 esposuit
533 2712 573 2760 ita
599 2717 629 2760 ut
651 2712 700 2760 sub
723 2713 844 2775 sinqulo-

231 2809 294 2843 runt
321 2796 488 2857 irnaqinibus
515 2796 589 2857 faeta
613 2799 845 2860 naaqistratusque

231 2893 325 2928 eorum
349 2904 383 2912 —
409 2882 550 2943 quaternis
576 2882 701 2943 quinisve
727 2883 845 2930 uersibus

231 2965 414 3027 descripserit.

268 3048 345 3099 Vitae
369 3051 541 3100 naeniarum.
577 3053 609 3101 de
642 3053 690 3102 troc
719 3054 844 3115 opusculo

231 3139 321 3183 nostro
345 3136 400 3184 loco
424 3141 531 3199 excepto
550 3139 624 3186 nulla
641 3138 741 3186 mentio
759 3142 845 3186 exstat

230 3219 300 3281 apud
322 3220 474 3283 scriptores
498 3221 545 3284 qui
562 3223 670 3284 quidem
692 3226 844 3285 supersunt.

263 3303 384 3354 Antonia
424 3307 539 3356 neinore.
583 3308 662 3357 Recte
701 3307 845 3357 Suetonius

231 3403 340 3438 uxorem
364 3389 442 3438 Drusi
464 3389 606 3441 Antoniam
625 3393 768 3455 minorem,
791 3392 844 3442 Ne·

230 3474 301 3522 ronis
324 3474 410 3522 aviam
435 3478 572 3536 paternam
597 3475 740 3525 Antoniam
759 3477 843 3525 maio·

230 3573 286 3607 rem
319 3558 478 3621 nominavit;
510 3565 601 3608 eontra
631 3559 766 3623 Tacitum,
797 3561 844 3623 qui

230 3642 341 3692 Neronis
358 3643 444 3692 aviam
461 3643 604 3692 Antoniam
617 3645 747 3694 minorem
761 3646 844 3694 fuisse

229 3727 332 3777 duobus
355 3727 418 3776 locis
442 3725 470 3785 (l.
495 3726 524 3789 l.)
546 3729 662 3778 tradidit.
687 3729 754 3778 Cum
772 3730 843 3779 enim

229 3813 361 3862 Antonius
386 3811 468 3862 filiam
494 3829 569 3862 suam
588 3829 657 3863 anno
676 3812 767 3877 717137
791 3816 842 3864 Do-

229 3897 304 3946 mitio
322 3897 512 3960 desponderet,
531 3913 612 3948 urtam
631 3904 738 3947 tautum
759 3898 842 3947 filiam

229 3996 260 4030 ex
292 3982 401 4031 Octavia
432 3987 612 4045 procreaverat
638 3980 681 4042 (ef.
709 3983 756 4033 Dio
783 3985 799 4032 l.
827 3983 842 4031 l.

229 4061 469 4129 τὴν-γεννηθεῖσαν,
487 4065 551 4129 App.
569 4066 593 4115 b.
611 4067 659 4116 cir.
677 4066 754 4130 V95‚
772 4067 842 4116 Plut.

229 4150 288 4199 Ant.
313 4148 358 4211 33,
383 4148 434 4211 35).
459 4150 529 4201 Nata
552 4158 609 4200 erat
633 4167 670 4214 pr.
694 4151 745 4200 kal.
769 4151 842 4201 Febr.

229 4230 381 4299 8718136,
405 4234 448 4297 (cf.
473 4236 539 4285 Acta
562 4237 594 4286 fr.
619 4236 679 4285 Arv.
705 4252 727 4285 a.
752 4235 842 4298 7111138

229 4317 255 4369 O.
286 4321 304 4369 I.
333 4319 360 4369 L.
391 4320 424 4369 VI
454 4320 520 4371 81188
550 4319 583 4382 ο.)
611 4322 744 4384 ductaque
769 4328 842 4370 esta

228 4404 312 4454 Druse
331 4420 353 4454 a.
372 4403 463 4468 738116
481 4408 522 4454 vel
544 4412 636 4469 antea,
655 4421 716 4455 cum
730 4404 841 4455 Germa·

229 4490 303 4539 nicus
327 4505 350 4539 a.
369 4487 460 4552 739115
479 4498 558 4539 natus
576 4491 617 4540 sit.
636 4488 721 4551 (Suet.
740 4488 788 4538 Gai
805 4487 841 4551 1).

228 4575 265 4622 Ad
280 4590 353 4637 caui,
370 4576 480 4624 sortasse
491 4577 609 4625 nondum
621 4576 705 4624 Druso
715 4580 840 4637 nuptam,

227 4664 329 4722 spectat
342 4661 438 4709 titulus
452 4660 570 4709 urbanus
584 4661 651 4708 ltull.
662 4675 756 4708 comui.
766 4656 840 4721 1887,

228 4759 251 4806 p.
270 4742 320 4792 153
338 4761 368 4787 =
382 4745 454 4794 Doss.
468 4761 492 4793 n.
507 4743 587 4794 1754:
606 4744 675 4794 Eros
692 4744 841 4795 Antoninos

227 4829 346 4878 urinaria·
364 4826 555 4895 1881881188),
578 4831 610 4879 ad
635 4844 744 4878 uxorem
763 4830 840 4878 Drusi

900 2203 926 2252 d.
937 2203 955 2251 l.
965 2203 992 2252 L.
1011 2201 1125 2252 1113363
1144 2218 1174 2246 =
1193 2204 1265 2254 Desa.
1282 2220 1308 2253 n.
1322 2201 1380 2252 149:
1394 2202 1517 2253 Antonia

901 2287 1008 2336 Claudii
1021 2288 1137 2337 Neronis
1155 2286 1265 2349 [Drusi.
1277 2287 1312 2351 ..]
1332 2288 1360 2338 (l.
1374 2288 1392 2337 Ι.
1407 2287 1437 2338 G.
1450 2286 1517 2337 5186

897 2367 1021 2435 Ἀντωνίᾳ
1062 2368 1195 2426 Κλαυδίας
1230 2369 1358 2436 Νέρωνος
1393 2369 1515 2435 Δρούσου

899 2455 1066 2520 Γερμανικοῦ
1085 2454 1198 2520 γυναικί,
1216 2455 1283 2506 5808
1300 2463 1327 2507 81
1346 2457 1425 2506 multi
1442 2456 1516 2505 tituli

899 2557 1035 2592 servorum
1068 2550 1095 2591 et
1128 2543 1327 2605 libertinorum,
1359 2543 1387 2590 in
1418 2541 1516 2605 quibus

899 2626 1015 2674 Antonia
1040 2626 1118 2675 Drusi
1144 2627 1294 2689 appellatur
1325 2630 1353 2675 et
1388 2641 1516 2689 nummus

899 2709 942 2771 (es.
954 2709 1051 2760 Eokhel
1063 2711 1087 2759 d.
1101 2709 1234 2774 8111178,
1246 2711 1389 2760 Dernouilli
1398 2712 1514 2774 lconogr.

900 2795 973 2844 Rom.
1000 2793 1083 2858 11,1,
1109 2795 1162 2844 tab.
1180 2796 1290 2844 XXXIIl
1309 2811 1334 2844 n.
1352 2793 1396 2857 13)
1414 2795 1442 2844 18
1461 2812 1515 2860 quo

899 2879 998 2944 effigies
1017 2881 1094 2929 Drusi
1112 2885 1140 2929 et
1156 2880 1287 2929 Antoniae
1305 2881 1387 2930 simul
1399 2884 1514 2931 exstant.

932 2965 1090 3026 canapi-ares.
1129 2979 1216 3028 neque
1249 2979 1394 3014 numerum
1427 2981 1514 3030 neque

900 3049 1009 3098 uomina
1026 3054 1194 3098 mortuorum
1212 3049 1342 3098 novimus.

933 3133 1137 3183 Germanicum.
1169 3138 1263 3182 natum
1288 3149 1309 3182 a.
1334 3134 1358 3183 d.
1385 3134 1456 3184 VIIII
1482 3136 1513 3184 K.

899 3219 959 3268 Jun.
983 3233 1006 3266 a.
1031 3215 1129 3280 739115,
1152 3219 1185 3267 ef.
1204 3218 1310 3267 Henzen
1328 3218 1384 3268 Act.
1403 3219 1435 3269 fr.
1454 3219 1514 3269 Arv.

900 3319 922 3366 p.
941 3302 1028 3352 XLIV.
1057 3302 1130 3360 Quod
1149 3318 1245 3352 nomen
1265 3309 1326 3353 ante
1346 3305 1514 3367 adoptionem

900 3387 1036 3450 babuerit,
1055 3389 1195 3437 nescimus.
1568 3380 1571 3387 ’

931 3471 1066 3520 Liuillam.
1079 3486 1147 3534 quae
1162 3473 1275 3535 primum
1286 3472 1305 3522 O
1315 3472 1435 3522 Caesaris
1444 3473 1514 3536 (Tac.

898 3555 966 3604 Anu.
984 3555 1026 3619 IV,
1044 3554 1211 3619 41)),881888
1229 3557 1306 3606 Drusi
1324 3556 1444 3607 Caesaris
1454 3559 1514 3607 fuit.

898 3641 919 3689 Α
943 3640 1032 3690 Tacito
1065 3639 1145 3702 (dnn.
1170 3642 1201 3704 11,
1226 3640 1267 3691 13.
1291 3641 1338 3705 81,
1364 3643 1405 3705 IV,
1429 3641 1452 3693 3.
1471 3642 1511 3692 39.

898 3724 938 3774 40.
960 3724 1006 3787 110,
1029 3725 1070 3788 VI,
1088 3723 1116 3786 8)
1134 3731 1161 3775 et
1177 3742 1193 3775 a
1211 3727 1294 3776 Plinio
1314 3727 1343 3776 H.
1355 3727 1386 3776 N.
1404 3726 1450 3789 89,
1468 3727 1514 3791 811,

897 3809 984 3873 Livia,
1008 3811 1123 3859 aDione
1142 3808 1199 3874 (57,
1223 3811 1270 3874 88,
1294 3810 1325 3872 8,
1349 3810 1395 3872 58,
1419 3810 1466 3874 11,
1490 3812 1512 3862 b.

897 3894 943 3956 84,
967 3893 994 3956 5)
1013 3895 1105 3943 Liuilla
1123 3896 1278 3944 nominatur
1297 3900 1326 3944 ut
1344 3911 1359 3944 a
1378 3895 1512 3946 Suetonio.

898 3980 1010 4029 Zonaras
1033 3980 1082 4043 XI,
1106 3979 1122 4028 8
1149 3996 1172 4043 p.
1197 3978 1246 4028 119
1271 3981 1295 4029 ei
1313 3994 1410 4029 nornen
1428 3981 1514 4031 Iuliae

890 4080 1003 4128 quoque
1036 4065 1116 4113 fuisse
1141 4065 1235 4112 tradit:
1260 4059 1304 4112 διὰ
1322 4067 1367 4127 τῆς
1385 4061 1511 4127 γυναικὸς

898 4147 954 4210 (τοῦ
979 4145 1112 4212 Δρούσου)
1138 4146 1170 4212 ἣν
1185 4144 1298 4197 Ἰουλίαν
1316 4145 1400 4211 ἕτεροι
1418 4145 1448 4197 δὲ
1465 4147 1514 4198 Λι-

895 4231 956 4297 βίαν
979 4230 1139 4297 γρύφοοσι),
1165 4235 1233 4296 quod
1259 4232 1400 4282 coufirmat
1417 4234 1514 4284 titulus

896 4319 923 4369 C.
957 4320 975 4370 I.
1008 4321 1035 4369 L.
1069 4320 1102 4368 Vl
1133 4318 1198 4368 51118
1225 4335 1254 4362 =
1279 4320 1350 4368 Dess.
1381 4334 1405 4367 n.
1435 4318 1512 4368 1752:

895 4405 1043 4455 Antiochus
1067 4404 1155 4454 Iuliae
1178 4404 1262 4452 Drusi
1287 4402 1411 4452 Caesaris
1428 4418 1514 4465 supra

896 4490 1053 4539 lecticarios.
1084 4489 1112 4537 ln
1144 4489 1231 4537 titulis
1257 4502 1392 4536 servorum
1419 4487 1462 4548 (ut
1485 4487 1512 4537 d.

896 4575 914 4623 I.
932 4575 959 4623 L.
980 4572 1028 4637 Vl,
1051 4572 1130 4633 t3ao,
1157 4571 1223 4620 8899
1242 4572 1309 4621 Β811.
1333 4586 1427 4620 comm.
1447 4569 1514 4621 1890

896 4676 918 4723 p.
937 4657 960 4708 8.
979 4657 1022 4719 ld)
1041 4663 1132 4707 tamen
1151 4658 1224 4706 Livia
1242 4658 1403 4706 nominatur.

928 4743 998 4792 Iullo
1029 4743 1163 4806 Antonio,
1197 4743 1262 4791 Fnb.
1281 4742 1367 4804 Afric.
1393 4757 1462 4792 cons.
1490 4758 1512 4791 a.

897 4825 995 4892 7111111,
1014 4829 1104 4878 cultio
1118 4829 1173 4878 Ind.
1187 4828 1245 4879 libr.
1258 4827 1304 4878 51ε
1319 4823 1433 4886 Ἰοῦλλος
1447 4825 1513 4893 (cod.
