3322 5512
715 339 772 399 123

103 525 309 618 iliensibus,
344 525 445 622 quasi
479 525 661 598 Romanae
694 522 809 618 gentis
834 523 1052 617 auctoribus,
1085 524 1216 597 tributa
1240 523 1275 596 in
1302 546 1378 619 per·
1469 520 1508 596 C.
1535 522 1592 595 25.

104 659 246 748 petuum
295 650 444 742 remisit,
495 648 641 723 recitata
690 655 809 721 vetere
858 646 1009 744 epistula
1054 649 1193 722 Graeca
1238 655 1383 721 senatus

104 776 291 872 populique
325 777 367 849 R.
399 775 545 851 Seleuco
570 773 645 868 regi
671 771 858 846 amicitiam
884 781 919 846 et
944 772 1142 847 societatem
1169 773 1218 846 ita
1242 772 1380 846 demum

103 901 316 997 pollicentis,
363 899 392 973 si
439 897 718 992 consanguineos
760 918 843 970 suos
880 894 1027 971 ilienses
1065 897 1110 970 ab
1148 897 1239 970 omni
1278 919 1383 971 onere

103 1026 276 1100 immunes
301 1023 539 1123 praestitisset.

147 1179 209 1238 Tac.
231 1180 311 1239 Anu.
332 1178 396 1237 XII
416 1180 467 1237 58.
509 1177 544 1236 D.
566 1174 652 1236 Iunio
674 1172 707 1248 Q.
728 1173 851 1234 Haterio
871 1176 1043 1235 consulibus
1064 1176 1100 1253 (a.
1112 1175 1236 1256 sosius)
1248 1210 1289 1220 —
1302 1176 1382 1237 Nero

104 1286 260 1346 Octaviam
279 1318 321 1328 -
340 1284 372 1344 in
387 1282 608 1344 matrimonium
625 1280 748 1358 accepit.
769 1279 869 1358 thue
884 1281 992 1341 studiis
1005 1283 1138 1343 honestis
1152 1289 1183 1343 et
1195 1285 1382 1362 eloquentiae

103 1392 197 1470 gloria
224 1392 416 1465 enitesceret,
445 1407 534 1450 eausa
560 1387 717 1448 iliensium
746 1393 884 1465 suscepta
911 1387 1078 1448 Romanum
1106 1389 1192 1449 Troia
1218 1390 1382 1451 demissum

103 1506 134 1560 et
164 1499 259 1559 Iuliae
290 1497 393 1576 stirpis
423 1502 575 1558 auctorem
602 1496 735 1554 Aeneam
762 1494 879 1572 aliaque
906 1497 987 1556 haud
1013 1499 1118 1575 procul
1145 1498 1254 1560 tabulis
1280 1502 1382 1557 vetera

103 1607 232 1667 facunde
247 1611 408 1679 executus,
428 1608 598 1682 perpetrat,
620 1608 655 1662 ut
675 1601 802 1662 ilienses
822 1603 902 1662 omni
918 1604 1037 1681 publico
1050 1623 1175 1666 munere
1190 1606 1383 1666 solverentur.

103 1797 208 1859 pretias
233 1797 263 1846 in
286 1803 384 1847 senatu
406 1798 469 1860 epit.
495 1796 577 1859 Αρυά
600 1795 716 1846 mudena

102 1884 239 1932 consulem
259 1908 293 1916 —
314 1883 395 1932 uerbo
418 1881 482 1945 fecit
498 1883 578 1931 aliam
601 1879 716 1944 explica-

103 1968 203 2017 tionem
229 1968 269 2017 vix
293 1967 441 2017 admittunt
468 1968 518 2017 nisi
541 1968 622 2016 hanc:
646 1966 715 2017 Nero

103 2053 172 2116 apud
205 2052 346 2103 Claudium
378 2054 514 2103 consulem
546 2049 581 2113 (a.
613 2049 715 2113 804151)

104 2139 323 2202 Bononiensium,
364 2138 540 2200 Rhodiorum,
578 2136 714 2185 iliensium

103 2239 196 2273 causas
227 2224 289 2287 egit.
322 2223 418 2273 Utrum
448 2223 575 2271 erravisse
600 2222 714 2271 iudicem

104 2308 211 2370 haereo,
238 2323 282 2370 pro
305 2307 432 2357 Suetonio
455 2313 546 2357 tamen
563 2307 628 2356 lacit
644 2307 714 2370 quod

104 2392 237 2441 Neronem
254 2394 335 2442 etiarn
345 2393 508 2456 praesectum
518 2392 577 2441 urbi
586 2392 714 2440 feriarum

103 2477 256 2527 Latinarum
272 2492 351 2527 causa
366 2483 428 2526 ante
443 2475 643 2525 matrimonium
652 2489 714 2524 curn

103 2561 211 2613 Octavia
233 2563 331 2612 initum
354 2563 435 2612 fuisse
459 2562 535 2624 dicit,
559 2561 590 2610 de
614 2574 668 2623 qua
686 2574 714 2608 re

103 2650 173 2696 tacet
189 2647 309 2702 Tacitus.
326 2647 364 2696 ita
381 2652 412 2695 ut
429 2648 457 2695 in
474 2646 629 2695 uniuersum
646 2642 713 2694 Sue-

102 2733 206 2780 tonium
231 2732 313 2780 vitam
334 2731 446 2780 Neronis
463 2730 614 2779 accuratius
630 2729 713 2777 tradi-

103 2816 170 2865 disse
197 2816 288 2879 negari
313 2819 435 2878 nequeat.
462 2812 557 2876 (Hiller
582 2831 604 2863 u.
631 2813 713 2862 Gaer-

102 2901 207 2964 tringen
225 2904 242 2950 l.
260 2904 277 2951 l.
296 2900 453 2952 Suetonium
466 2899 607 2963 sequitur).
625 2899 713 2948 Minus

103 2990 172 3034 recte
196 2984 335 3034 Lehmann
357 2985 386 3046 (l.
409 2987 427 3034 l.
450 2999 474 3047 p.
497 2982 554 3033 318.
577 2980 634 3032 358.
652 2980 712 3042 367)

102 3075 242 3118 auctorum
268 3069 432 3119 narrationes
454 3069 492 3118 ita
509 3066 711 3129 contaminavit,

103 3160 133 3202 ut
151 3154 283 3202 Neronem
301 3168 324 3203 a.
341 3151 431 3217 801151
451 3153 670 3215 bononiensium,
689 3167 712 3201 a.

101 3235 193 3300 soona
217 3238 393 3302 Rhodiorum,
417 3253 440 3287 a.
463 3235 556 3300 806153
576 3236 712 3286 iliensium

102 3336 209 3371 causam
234 3323 378 3386 suscepisse
402 3323 485 3385 dicat,
512 3336 575 3370 narn
599 3326 712 3384 uterque

102 3412 194 3456 auctor
218 3407 247 3455 in
274 3407 322 3456 hoc
347 3407 493 3470 consentit,
523 3406 593 3469 quod
619 3420 712 3454 omnes

101 3503 195 3538 causas
213 3504 265 3539 uno
280 3491 427 3555 eodemque
442 3506 511 3540 anno
521 3494 646 3540 tractatas
655 3504 712 3538 esse

102 3578 200 3622 narrat.

135 3658 295 3722 iliensibus,
336 3660 416 3722 quusi
452 3659 592 3709 Romanae
624 3658 713 3722 qentis

101 3743 264 3792 unctoribus.
293 3743 430 3792 diiudicari
455 3744 508 3793 iarn
534 3759 587 3792 non
613 3747 713 3806 potest,

102 3832 194 3876 utrum
220 3826 364 3876 Suetonius
385 3843 446 3877 voce
469 3830 549 3891 quusi
567 3827 647 3877 fidem
666 3842 712 3877 ne-

101 3912 203 3976 gaverit
234 3911 371 3960 traditioni
396 3913 532 3975 vulgatae,
566 3912 712 3961 secundnm

102 4013 183 4061 quam
201 3997 314 4046 Romani
330 4011 345 4045 a
361 3997 480 4046 Troianis
497 3997 547 4045 orti
560 4000 661 4059 essent,
677 4011 712 4045 an

101 4097 162 4131 curn
186 4080 315 4131 Strabone
338 4081 409 4141 (Xlll
427 4096 451 4144 p.
468 4079 530 4144 ool)
547 4081 713 4130 Demetrium

101 4164 237 4230 Scepsium
254 4171 362 4215 secutus
379 4180 432 4215 non
450 4166 590 4215 crediderit
603 4166 713 4215 ilienses

102 4252 117 4300 i.
135 4266 158 4300 e.
175 4251 274 4300 incolas
291 4251 351 4299 novi
369 4250 409 4299 llii
424 4251 552 4314 originem
568 4252 713 4301 aTroianis

101 4336 220 4398 duxisse,
243 4336 269 4384 id
292 4336 362 4399 quod
385 4336 479 4397 stipsi
497 4337 605 4386 Ilienses
623 4338 711 4400 perhi-

101 4419 218 4469 buerunt
234 4425 262 4469 et
277 4420 416 4482 scriptores
434 4420 546 4470 Romani
563 4436 655 4471 omnes
667 4419 711 4483 (ci.

101 4504 271 4554 l'riedl'ander
288 4503 313 4554 S.
327 4503 357 4554 G.
376 4502 413 4553 Hs
428 4503 490 4566 118)
503 4506 678 4556 crediderunt.

135 4590 239 4639 tributu
256 4591 287 4640 in
302 4597 472 4652 perpetuum.
492 4591 600 4639 llienses
611 4591 711 4639 immu-

102 4674 213 4727 nitatem
231 4689 247 4723 a
264 4673 374 4724 Caesare
391 4675 519 4724 dictatore
528 4674 711 4724 confirmatam

102 4758 248 4821 habebant,
266 4760 298 4809 cf.
317 4759 411 4809 Strabo
428 4760 487 4809 Xlll
505 4758 584 4823 1,87
603 4774 626 4822 p.
648 4757 710 4808 595:

102 4838 194 4909 χώραν
223 4859 250 4894 τε
275 4839 445 4909 προσένειμεν
469 4840 558 4901 αὐτοῖς
588 4840 634 4894 καὶ
664 4838 711 4908 τὴν

768 1788 922 1856 ἐλευθερίαν
939 1789 986 1843 καὶ
1003 1790 1050 1859 τὴν
1066 1790 1280 1858 ἀλοιτουργησίαν
1291 1790 1381 1849 αὐτοῖς

769 1875 947 1943 ουνεφύλαξο,
970 1875 1016 1929 καὶ
1038 1875 1116 1943 μέχρι
1139 1882 1187 1928 νῦν
1204 1874 1381 1942 ουμμένουσιν

769 1960 797 2012 ἕν
829 1961 937 2019 τούτοις.
969 1966 1036 2015 Plin.
1063 1965 1094 2015 ll.
1120 1965 1152 2015 N.
1178 1965 1208 2029 5,
1238 1964 1282 2027 30,
1316 1964 1380 2014 tat:

771 2049 852 2099 [liunt
876 2051 1006 2100 imniune.
1033 2050 1107 2109 Quod
1135 2050 1300 2114 privilegium
1326 2050 1380 2099 iam

769 2139 796 2183 et
812 2134 1000 2185 confirmatum
1018 2141 1045 2184 et
1062 2137 1206 2186 adauctum
1225 2150 1281 2185 esse
1299 2150 1379 2199 appa·

769 2223 823 2282 ret,
849 2219 881 2268 ct.
905 2220 963 2269 Tac.
988 2219 1055 2271 hnn.
1078 2220 1127 2270 llll
1150 2218 1195 2271 58:
1222 2227 1253 2270 ut
1268 2220 1380 2271 Ilienses

767 2305 844 2352 ouini
865 2304 973 2366 publico
992 2320 1105 2356 niunere
1122 2306 1295 2355 soluerentur.
1318 2303 1378 2354 Cal-

768 2387 888 2437 listratus
906 2388 1045 2452 signin,
1063 2388 1095 2439 l'l
1113 2387 1126 2452 ἓ
1144 2389 1173 2440 1;
1191 2390 1336 2440 iliensibus
1353 2396 1378 2439 et

765 2480 879 2535 propter
909 2475 1036 2523 inclitum
1066 2476 1236 2525 nobilitatem
1261 2475 1379 2525 ciuitatis

768 2562 794 2606 et
813 2564 926 2620 propter
948 2561 1164 2609 coniunctionem
1187 2561 1305 2622 oriqinis
1324 2560 1378 2609 Ro-

767 2656 867 2691 nunnae
889 2644 947 2690 iuni
969 2645 1125 2706 antiquitus
1148 2651 1176 2694 et
1190 2650 1299 2694 senatus
1315 2658 1378 2693 con-

767 2727 845 2775 sultis
863 2732 888 2776 et
903 2729 1140 2778 constitutionibus
1147 2730 1308 2791 principuus
1319 2730 1378 2793 ple·

767 2812 885 2860 nissinta
902 2813 1064 2862 immunitus
1074 2814 1179 2863 tributn
1187 2819 1238 2877 est,
1256 2815 1379 2864 uletiunt

768 2897 865 2946 tutelae
896 2899 1097 2948 sarmationem
1124 2899 1251 2961 habeant,
1278 2899 1379 2948 scilicet

766 2996 860 3031 eorum
867 2984 1051 3048 pupillorum,
1067 2985 1116 3047 qui
1125 2984 1235 3034 ilienses
1244 2998 1297 3033 non
1307 2983 1379 3043 sint;

766 3069 850 3131 idque
872 3071 950 3119 diuus
973 3069 1042 3118 Pius
1059 3069 1205 3131 rescripsit.
1230 3068 1378 3118 Mommsen

766 3152 827 3203 StR.
845 3154 880 3202 lll
898 3152 947 3202 688
964 3153 985 3201 Α
1002 3152 1026 3202 3.

801 3240 913 3288 remisit.
938 3243 1044 3287 auctore
1062 3237 1172 3287 Claudio
1190 3242 1298 3288 senatus
1315 3252 1378 3286 con-

767 3326 868 3373 sultum
901 3324 1002 3372 iactum
1032 3327 1079 3372 est.
1111 3323 1209 3372 Eodem
1235 3336 1304 3371 anno
1330 3322 1380 3371 hoc

767 3409 882 3471 iactum,
900 3424 952 3472 quo
969 3407 1078 3456 Rhodiis
1095 3407 1204 3457 libertas
1213 3407 1316 3455 reddita
1325 3411 1379 3469 est,

768 3508 821 3558 qua
838 3493 870 3542 de
887 3508 915 3541 re
933 3493 965 3542 cf.
983 3506 1069 3555 supra.

800 3584 909 3628 sumtus
931 3578 1080 3640 populique
1101 3577 1133 3626 R.
1155 3577 1192 3626 sic
1215 3591 1294 3626 usum
1315 3590 1379 3624 suae

767 3663 862 3712 aetatis
874 3667 981 3712 secutus
994 3661 1137 3711 Suetonius
1149 3662 1262 3724 scripsit,
1282 3675 1377 3724 quam-

767 3762 849 3811 quam
880 3748 982 3812 proprie
1013 3747 1181 3796 scribendum
1207 3746 1260 3794 tuit
1282 3745 1379 3807 populi

767 3839 928 3896 senatusque
944 3832 1077 3894 Rontuni,
1100 3833 1133 3882 ci.
1151 3831 1299 3881 Mommsen
1316 3829 1377 3879 StR.

767 3914 887 3965 1111255
905 3916 926 3964 A
944 3915 968 3965 8.

800 3998 915 4049 Seleuco.
939 4005 971 4049 ut
992 4000 1134 4050 verisimile
1157 4005 1199 4049 est
1220 3998 1330 4048 Seleuco
1354 3999 1377 4047 ll

767 4083 905 4147 Callinico,
937 4085 984 4148 qui
1017 4085 1136 4148 regnavit
1161 4084 1195 4134 ab
1219 4099 1242 4132 a.
1269 4080 1378 4145 obsisto

767 4185 853 4235 usque
875 4171 908 4219 sd
930 4185 953 4219 a.
972 4167 1095 4232 sessuro,
1114 4170 1146 4219 cf.
1163 4168 1296 4231 Droysen‚
1315 4166 1377 4215 Hel-

767 4256 895 4306 lenismus
913 4256 949 4304 lll
965 4255 989 4319 l,
1006 4254 1056 4304 387
1074 4254 1095 4303 A
1113 4253 1137 4303 1.
1155 4251 1245 4315 Polyb.
1264 4251 1285 4300 V
1303 4249 1342 4314 78,
1352 4251 1376 4301 6.

802 4339 836 4404 [p.
862 4339 922 4403 tsi]
953 4340 1078 4390 ludaeos.
1104 4338 1180 4388 initio
1207 4337 1311 4400 imperii
1336 4338 1378 4387 sui

766 4424 893 4475 Claudius
915 4425 1001 4474 vetuit
1023 4438 1057 4473 ne
1074 4423 1167 4473 ludaei
1183 4424 1210 4472 in
1229 4436 1376 4486 synagogas

766 4525 827 4559 suas
850 4511 964 4572 coirent,
988 4509 1019 4558 cl.
1044 4508 1091 4557 Dio
1114 4506 1160 4571 60,
1178 4507 1207 4571 6,
1225 4507 1254 4557 o:
1272 4503 1332 4562 τούς
1350 4522 1376 4555 τε

763 4588 908 4646 Ἰουδαίους
916 4588 1107 4646 πλεονάσαντος
1116 4588 1208 4652 αὖθις,
1225 4590 1292 4642 ὥστε
1301 4589 1378 4657 χαλε-

765 4680 823 4731 πῶς
838 4673 871 4725 ἂν
882 4672 944 4724 ἄνευ
957 4681 1073 4740 ταραχῆς
1087 4673 1138 4726 ὑπὸ
1150 4682 1196 4726 τοῦ
1209 4675 1289 4742 ὄχλου
1299 4680 1378 4741 σφῶν

766 4764 812 4825 τῆς
828 4757 931 4815 πόλεως
948 4757 1101 4824 εἱρχθῆναι,
1118 4757 1170 4810 οὐκ
1189 4758 1299 4826 ἐξήλασε
1315 4757 1378 4825 μέν,

766 4849 804 4909 τῷ
822 4840 851 4894 δὲ
869 4840 902 4910 δὴ
916 4843 1020 4909 πατρίῳ
1030 4842 1084 4910 βίῳ
1092 4842 1248 4910 χρωμένους
1256 4842 1377 4896 ἐκέλευσε
