3322 5512
855 322 894 379 90

52 512 56 519 '
87 552 142 575 a.
235 511 305 596 est,
344 527 411 576 non
449 503 564 575 minus
602 505 795 601 compendii
831 529 894 601 spe
928 530 1032 600 qiram
1067 507 1219 601 gloriae,
1258 532 1335 581 cum
1370 510 1514 604 quidam

233 627 369 724 privato
395 637 534 725 sumptu
560 628 750 703 emissuros
775 652 814 702 se
839 631 1132 726 repromitterent,
1159 631 1189 704 si
1215 632 1280 704 sibi
1299 633 1419 707 siccati
1438 634 1517 729 agri

233 751 511 826 concederentur.
551 752 618 825 Per
652 753 718 826 tria
752 762 868 826 autem
902 778 1070 850 passuum
1106 754 1203 827 milia
1236 757 1363 852 partim
1389 759 1518 831 effosso

233 888 349 951 monte
375 878 500 974 partim
527 879 660 969 exciso,
695 880 852 952 canalem
880 880 1032 953 absolvit
1057 904 1164 976 aegre
1190 889 1328 977 etpost
1354 882 1518 957 undecim

233 1025 360 1094 annos⁷
395 1003 556 1098 quamvis
590 1003 762 1076 continuis
797 1005 907 1076 XXX
941 1003 1119 1078 hominum
1145 1006 1286 1079 milibus
1312 1007 1386 1081 sine
1411 1008 1518 1083 inter-

278 1192 339 1249 Tac.
352 1192 431 1249 Ana.
443 1191 478 1248 X
480 1191 509 1250 II
519 1194 561 1250 56
571 1211 613 1267 sq.
656 1191 717 1250 Sub
737 1192 818 1251 idem
839 1199 958 1270 tempus
972 1193 1052 1253 inter
1065 1195 1164 1253 lacum
1178 1195 1324 1255 Fucinum
1338 1215 1520 1274 amnemque

234 1297 327 1356 Lirim
349 1304 491 1374 perrupto
514 1304 627 1371 monte,
650 1317 708 1375 quo
731 1299 951 1374 magnificentia
971 1300 1070 1377 operis
1085 1320 1102 1359 a
1116 1302 1253 1378 pluribus
1268 1303 1428 1377 viseretur,
1449 1304 1518 1363 lacu

233 1405 264 1462 in
284 1404 350 1481 ipso
371 1405 476 1464 navale
497 1405 643 1482 proelium
657 1406 826 1466 adornatur.
838 1441 876 1450 -
888 1407 1024 1467 Perfecto
1040 1409 1210 1484 spectaculo
1224 1415 1361 1486 apertum
1372 1429 1519 1487 aquarum

233 1512 299 1572 iter.
321 1512 440 1571 Incuria
453 1513 552 1589 operis
566 1513 724 1572 manifesta
738 1514 809 1588 fuit,
831 1515 912 1573 haud
927 1514 1000 1573 satis
1015 1514 1150 1591 depressi
1165 1514 1204 1573 ad
1218 1515 1301 1574 lacus
1315 1516 1383 1574 ima.
1399 1516 1518 1594 Eloque,

234 1626 367 1695 tempore
388 1619 546 1679 interiecto
567 1620 658 1679 altius
679 1620 780 1679 effossi
802 1639 925 1698 specus,
946 1627 977 1679 et
993 1656 1032 1662 —
1053 1639 1211 1680 rursus-
1233 1623 1438 1699 spectaculum
1455 1623 1519 1682 edi·

234 1735 342 1785 tur-
365 1772 371 1785 .
394 1725 472 1799 Quin
493 1733 524 1786 et
544 1726 713 1787 convivium
735 1762 774 1771 —
795 1727 965 1804 appositum
986 1734 1041 1787 est.

274 1833 333 1891 Dio
358 1836 405 1906 60,
427 1836 467 1907 11,
492 1837 519 1892 5.
561 1835 615 1907 την
652 1834 683 1896 δὲ
720 1834 754 1907 δη
790 1833 896 1911 λίμνην
933 1836 986 1908 την
1023 1832 1162 1907 Φννκίνην
1200 1836 1253 1908 την
1290 1839 1345 1898 τῶν
1382 1835 1517 1914 Μαρσῶν

235 1936 365 2011 ἠθέλησε
397 1939 453 2015 μὲν
485 1941 516 2010 ἐς
547 1940 596 2004 τὸν
629 1947 712 2020 Alpa
745 1943 933 2023 ἐξαγαγεῖν,
965 1937 1044 2012 ὅπως
1077 1939 1095 2015 η’
1122 1966 1156 2006 τε
1180 1942 1268 2022 χώρα
1291 1943 1307 2015 ἡ
1333 1942 1399 2022 περὶ
1422 1943 1518 2015 αὐτην

234 2052 408 2125 γεωργῆσαι
439 2046 490 2109 καί
522 2047 534 2110 a‘
566 2047 707 2124 ποταμὸς
738 2046 914 2126 ναυσίπορος
945 2050 1068 2125 arianen
1102 2046 1247 2123 γένηται,
1282 2046 1383 2124 μνίτην
1417 2048 1448 2110 δὲ
1482 2048 1517 2122 δη

234 2149 432 2225 ἐδαπανήθη.

275 2258 355 2316 Plio.
383 2258 420 2316 H.
449 2259 487 2317 N.
519 2261 576 2334 36,
604 2263 674 2320 124.
726 2262 870 2321 Eiusdem
909 2262 1016 2321 Claudi
1054 2262 1133 2321 inter
1164 2263 1294 2322 maxime
1325 2263 1520 2322 memoranda

234 2367 374 2443 equidem
395 2366 536 2425 duxerim
557 2369 694 2444 quamvis
715 2369 894 2429 destitutum
916 2369 1098 2429 successoris
1119 2369 1186 2430 odio
1202 2376 1332 2429 montem
1347 2370 1518 2446 perfossum

233 2474 271 2532 ad
299 2475 397 2533 lacum
424 2470 571 2532 Fucinum
599 2475 798 2534 emittendum
819 2476 1010 2536 inenarrabili
1032 2477 1166 2553 proiecto
1187 2475 1339 2553 impendio
1361 2482 1392 2535 et
1413 2494 1518 2552 opera-

233 2603 300 2643 rum
322 2583 515 2643 multitudine
535 2602 590 2660 per
610 2589 655 2642 tot
674 2601 782 2657 annos,
804 2602 875 2643 cunr
896 2589 948 2642 aut
969 2583 1126 2643 conrivatio
1146 2602 1291 2660 aquarum
1305 2602 1365 2660 qua
1380 2589 1519 2642 terrenus

234 2710 318 2751 mons
339 2697 403 2752 erat
424 2697 598 2766 egereretur
617 2690 649 2748 in
671 2690 814 2750 verticem
835 2689 997 2765 machinis,
1019 2696 1071 2748 aut
1092 2690 1171 2749 silex
1191 2690 1383 2761 caederetur,
1404 2689 1519 2748 onmia-

234 2819 292 2876 que
319 2801 401 2859 intus
428 2799 460 2857 in
487 2798 619 2858 tenebris
648 2799 755 2858 fierent
783 2817 859 2874 quae
887 2816 985 2875 neque
1010 2797 1133 2874 concipi
1146 2796 1246 2855 animo
1267 2796 1323 2855 nisi
1347 2796 1384 2855 ab
1405 2794 1444 2853 iis
1465 2795 1519 2872 qui

234 2909 336 2968 videre
357 2926 454 2985 neque
476 2907 607 2967 enarrari
629 2907 758 2964 hnmano
781 2924 916 2965 sermone
938 2911 1072 2982 possunt.

902 3120 1045 3169 Alexandri
1073 3119 1195 3168 Torlonia
1220 3119 1294 3168 lacus
1327 3119 1440 3167 siccatus
1469 3121 1518 3166 est.

934 3205 1041 3266 partim
1058 3204 1154 3266 effosso
1177 3210 1269 3252 oronte
1289 3203 1396 3264 partim
1419 3202 1518 3250 exciso.

233 3123 309 3190 πίνης
327 3122 511 3189 συμπεσούσης
529 3121 613 3174 αἰτίαν
629 3119 667 3172 ἐπ’
683 3119 756 3185 αὐτῷ
768 3117 848 3186 μεγά-

233 3208 281 3275 λην
298 3208 409 3275 ἔλαβεν·
424 3205 555 3259 ἐπεστάτει
573 3204 622 3274 γὰρ
641 3212 687 3257 τοῦ
697 3204 784 3271 ἔργον,
801 3201 848 3255 καὶ

233 3293 308 3354 ἔδοξε
328 3290 395 3343 πολὺ
413 3290 511 3343 ἐλάττω
530 3289 569 3342 ὧν
586 3290 677 3357 ἤλπιζε
695 3286 848 3354 δαπανήσας

233 3375 287 3429 εἶτα
304 3376 454 3443 ἐξεπίτηδες
470 3375 499 3427 τὸ
518 3375 667 3442 σύμπτωμα
686 3375 760 3431 ὅπως
773 3371 848 3433 ἀνεξ-

233 3463 355 3530 έλεγκτον
380 3460 408 3512 τὸ
434 3459 613 3526 κακούργημα
639 3457 721 3510 αὐτοῦ
744 3456 848 3524 γένηται

232 3546 447 3614 μηχανήσασθαι.
475 3547 513 3597 cf.
540 3547 599 3597 Tac.
625 3549 642 3596 l.
669 3549 685 3595 l.
711 3546 752 3596 57.
779 3546 848 3595 Nero

233 3651 298 3698 opus
332 3634 450 3698 neglexit
480 3633 560 3695 (Plin.
592 3635 609 3682 l.
636 3631 664 3693 l.)
690 3637 718 3681 et
742 3631 848 3680 Traiani

233 3725 321 3770 aetate
356 3718 523 3767 emissarium
558 3716 630 3767 refici
664 3716 704 3766 vel
741 3717 848 3780 purgari

233 3805 364 3868 oportuit,
383 3804 415 3852 cl.
434 3801 461 3852 C.
480 3803 499 3852 Ι.
518 3802 545 3851 L.
564 3802 599 3850 lX
616 3800 806 3855 39l5zDess.
822 3816 848 3849 n.

233 3890 295 3940 30⁸2:
314 3892 381 3951 irnp.
401 3888 512 3938 Caesari
530 3888 587 3937 dici
606 3888 708 3936 Nervae
726 3887 763 3949 fil.
779 3886 848 3935 Ner·

234 3990 279 4024 cae
315 3975 431 4023 Traiano
458 3972 566 4035 Optimo
590 3972 661 4034 Αμη.
688 3972 848 4020 Germtaaico

232 4061 328 4108 Dacico
355 4059 483 4107 Parthico
506 4063 582 4119 pont.
608 4072 683 4105 rinna.
709 4057 770 4104 trib.
792 4060 848 4117 pot.

232 4143 328 4192 XXIII
348 4141 435 4205 (Trib.
458 4148 513 4204 pot.
536 4141 602 4189 XXI
622 4138 712 4202 IMlp]
737 4140 850 4188 coniecit

232 4225 391 4289 Mommsen)
408 4243 458 4276 cos.
480 4226 518 4274 VI
525 4228 602 4289 patri
616 4227 728 4287 patriae
740 4231 848 4274 cenatas

231 4315 402 4376 papulasque
430 4308 592 4373 Romaanus]
621 4311 653 4359 ob
686 4311 849 4372 reciperatas

232 4413 313 4460 apros
347 4405 372 4447 et
403 4393 582 4460 possess[ores
616 4393 748 4457 redactos]
782 4410 849 4458 auos

233 4485 306 4533 lactas
316 4482 413 4531 Fucini
422 4478 563 4542 violent[ia
571 4477 741 4541 eatrrrbarat]
751 4517 757 4542 ,
767 4494 848 4542 quem

233 4567 382 4617 Hadrianus
412 4566 499 4615 denuo
532 4565 706 4627 restauravit,
738 4564 770 4613 cf.
798 4564 848 4613 Vit.

233 4653 311 4702 Hadr.
330 4651 371 4700 22.

266 4737 363 4785 Nostra
380 4737 488 4785 demum
504 4741 590 4785 aetate
600 4735 736 4784 emissario
745 4733 848 4784 Claudii

234 4824 345 4884 purgato
368 4824 449 4885 atque
468 4825 616 4869 restaurato
634 4821 706 4869 iussu
725 4819 848 4884 principis

904 3290 968 3338 haec
986 3289 1054 3337 bene
1071 3288 1237 3351 explicantur
1250 3286 1335 3336 verbis
1350 3286 1428 3335 Plinii
1437 3286 1466 3346 (l.
1477 3284 1518 3347 l.):

903 3381 1019 3422 crocitant
1027 3373 1172 3422 corrivatio
1182 3386 1319 3434 aqnarran
1329 3385 1384 3433 aaa
1394 3376 1519 3419 terrenus

903 3473 980 3507 orons
1003 3464 1061 3507 erat
1084 3463 1239 3518 operaretur
1263 3458 1294 3506 in
1311 3457 1440 3505 verticem
1457 3471 1518 3504 nna·

903 3543 1004 3605 odinis,
1022 3549 1071 3591 arat
1088 3543 1158 3592 sileae
1172 3542 1335 3591 caederetur.
1351 3555 1426 3590 mons
1440 3540 1519 3589 hodie

903 3628 1052 3691 appellatur
1069 3626 1159 3675 Monte
1177 3625 1308 3675 Salviano.

936 3714 1066 3761 canalena.
1084 3712 1289 3761 subterraneum
1308 3715 1339 3759 nt
1356 3723 1427 3773 aqna
1444 3710 1520 3759 lacus

903 3798 1074 3847 emitteretur
1111 3797 1139 3844 in
1174 3796 1255 3844 Lirim
1293 3795 1393 3843 llumen
1428 3791 1520 3855 (hodie

903 3880 1075 3946 Garlgliano).
1107 3880 1233 3929 Canalem
1266 3879 1410 3928 Suetonius
1434 3878 1520 3926 trium

904 3967 1008 4015 milium
1026 3981 1152 4029 passuum
1170 3965 1186 4014 i.
1204 3979 1226 4013 e.
1244 3963 1396 4027 quindecim
1414 3963 1519 4012 milium

904 4052 1001 4114 pedum
1031 4050 1075 4113 (cf.
1102 4050 1168 4099 Plin.
1196 4049 1226 4098 H.
1253 4049 1284 4097 N.
1311 4048 1340 4110 2,
1366 4047 1410 4109 85)
1437 4048 1520 4097 fuisse

904 4137 980 4199 dicit,
1005 4141 1032 4185 et
1054 4137 1081 4184 in
1106 4135 1251 4198 parietibus
1268 4134 1397 4183 emissarii
1414 4132 1520 4183 Claudii

904 4230 1022 4285 repertae
1034 4225 1098 4270 sunt
1109 4220 1216 4270 tabulae
1228 4233 1391 4268 marmoreae
1400 4219 1428 4268 in
1438 4218 1520 4267 inter·

904 4307 993 4369 vallis,
1013 4311 1042 4355 ut
1059 4307 1178 4367 videtur,
1199 4309 1374 4354 centenorum
1391 4319 1520 4366 passuum

904 4391 1011 4454 affixae,
1042 4390 1139 4454 quibus
1172 4404 1302 4439 numerus
1327 4390 1425 4452 pedum
1453 4405 1521 4453 quos

904 4480 977 4527 locus
1003 4477 1049 4525 nbi
1075 4476 1175 4525 tabella
1201 4475 1294 4538 parieti
1319 4474 1421 4523 inserta
1446 4480 1521 4524 esta

904 4562 989 4624 capite
1013 4562 1143 4611 emissarii
1166 4561 1281 4610 distabat
1304 4558 1447 4622 inscriptus
1471 4565 1520 4610 est.

904 4647 1036 4696 Maximus
1059 4661 1188 4695 numerus
1205 4649 1245 4694 est
1262 4645 1360 4707 pedum
1380 4628 1462 4708 tillo,
1487 4646 1519 4694 cf.

905 4731 932 4781 C.
952 4733 970 4780 l.
989 4729 1016 4780 L.
1036 4732 1070 4780 IX
1088 4727 1261 4780 3888-3890.
1286 4774 1288 4778 ,

934 4824 997 4880 post
1013 4816 1141 4867 andecam
1152 4830 1246 4868 annos.
1264 4814 1371 4880 quando
1383 4828 1450 4876 opus
1459 4827 1520 4878 per-
