3322 5512
151 539 218 610 que
255 515 368 588 rivum
407 513 554 587 Anienis
597 514 677 588 novi
711 513 849 609 lapideo
885 536 988 610 opere
1022 513 1055 585 in
1093 513 1211 586 urbem
1249 511 1428 608 perduxit,

151 639 335 735 divisitque
361 640 396 713 in
422 638 590 736 plurimos
607 650 642 712 et
659 637 898 712 amatissimos
915 639 1022 712 lacus.
1048 637 1222 712 Fucinum
1239 659 1430 733 aggressus

149 849 259 897 dentum
299 847 444 897 Claudiam
484 862 588 910 uquam
621 847 763 895 adi'uvaret

149 931 286 995 Augusta,
311 933 335 981 si
361 947 422 982 eam
448 932 544 980 ductus
571 931 690 980 Marciae
708 945 763 980 non

149 1022 261 1079 caperet.
279 1016 380 1066 Plinius
397 1014 439 1078 (ll.
459 1017 490 1066 N.
508 1013 633 1079 36,122)
651 1019 678 1064 et
695 1015 762 1065 titu-

149 1104 190 1150 lus
211 1099 239 1151 C.
263 1103 282 1151 l.
306 1102 333 1151 L.
358 1099 476 1151 1171256
500 1102 531 1151 de
549 1101 701 1165 Albudigno
719 1100 760 1148 vel

148 1187 280 1237 Albudino
298 1187 371 1236 fonte
389 1190 486 1236 tacent.

180 1273 272 1320 riorum
282 1271 398 1321 Anienis
409 1272 480 1321 noui.
498 1271 531 1320 cf.
546 1270 654 1320 l‘rontin
667 1268 681 1318 1
694 1307 699 1333 ,
715 1268 761 1318 15;

130 1353 218 1404 ..Anio
234 1369 318 1404 nouus
330 1356 375 1404 via
387 1354 543 1404 Sublacensi
555 1355 591 1404 ad
603 1354 761 1404 miliarium

148 1437 224 1488 XLII
231 1439 261 1489 in
272 1437 434 1488 Simbruino
447 1439 584 1501 accipitur
595 1453 629 1488 ea
638 1437 761 1502 piamine.

148 1523 301 1587 Appellatus
321 1528 363 1574 est
379 1538 463 1574 novus
481 1527 511 1572 ut
528 1524 711 1573 dinosceretur
728 1523 761 1573 ab

147 1609 191 1658 illo
208 1609 309 1659 Aniene
325 1623 347 1658 a.
360 1605 540 1671 melurensi
554 1609 629 1658 illato
642 1612 761 1658 exstruc-

147 1697 227 1757 toque
244 1708 259 1742 e
276 1693 410 1742 manubiis
427 1692 489 1742 belli
507 1708 569 1742 eum
583 1707 644 1756 rege
657 1692 760 1756 Pyrrho

147 1779 225 1843 gesti,
249 1779 292 1828 cui
315 1779 369 1828 iam
393 1778 459 1827 Anio
481 1783 558 1828 vetus
576 1793 673 1827 nornen
690 1776 760 1826 indi-

148 1867 205 1913 tum
238 1868 286 1913 est.
313 1863 398 1922 Quam
425 1863 459 1912 ob
484 1878 592 1913 causam
618 1861 760 1913 Suetonius

147 1950 236 1998 riuum
253 1947 349 1997 dixerit
365 1948 442 1997 docet
459 1947 627 1998 Frontinusl.
637 1948 653 1996 l.
663 1948 760 1996 dactus

146 2031 261 2083 Anionis
275 2033 339 2082 novi
355 2032 442 2095 efflat
458 2047 516 2094 pas.
534 2016 709 2082 ciuiuus.-
727 2047 760 2082 ea

145 2131 174 2167 eo
200 2119 258 2167 rivo
274 2119 450 2168 subterraneo
466 2132 524 2179 pas.
542 2102 656 2181 ΙῙΟΟΕ,
679 2132 760 2180 opere

145 2217 230 2264 supra
247 2209 351 2252 terram
366 2218 427 2266 pas.
444 2187 582 2264 IXCCCC‚
601 2216 632 2250 ex
644 2201 759 2251 maximo

145 2286 225 2350 igitur
250 2293 323 2352 parte
350 2289 448 2338 canalis
471 2286 600 2338 structilis
623 2286 758 2336 subterra-

147 2386 212 2421 neus
232 2378 296 2423 erat.

177 2458 207 2506 in
232 2459 327 2509 urbem
352 2459 490 2521 perducit.
517 2472 548 2506 ex
571 2456 660 2506 Tacito
678 2454 757 2517 (Anu.

145 2541 178 2590 Xl
193 2539 237 2603 13)
255 2556 307 2590 non
320 2541 499 2605 colligendum
510 2545 550 2590 est
558 2555 623 2603 opus
633 2554 656 2589 a.
666 2537 758 2602 866117

147 2640 229 2690 usque
253 2627 285 2675 ad
311 2626 404 2675 urbem
429 2627 576 2689 perfectum
600 2625 695 2688 luisse,
713 2625 758 2674 sed

144 2712 216 2760 locus
233 2726 295 2759 cum
313 2711 476 2760 Mommseno
486 2709 558 2764 (sta.
568 2707 605 2759 11³
613 2708 663 2758 153
673 2711 694 2758 A
704 2709 757 2758 4:

145 2793 179 2844 11²
195 2793 256 2857 117)
272 2795 312 2845 ita
328 2795 498 2858 explicandus
515 2800 568 2857 est,
589 2799 619 2844 nt
630 2794 758 2844 Claudius

144 2879 251 2928 demum
269 2894 361 2929 censor
377 2894 443 2942 opus
461 2893 602 2942 aggressus
618 2879 660 2929 sit.
679 2878 757 2928 Dedi-

143 2968 231 3013 satnm
251 2979 311 3014 vero
328 2969 369 3013 est
386 2964 443 3013 Kal.
461 2964 527 3026 Aug.
538 2961 667 3024 (Frontin.
678 2963 701 3027 1,
713 2962 757 3024 13)

144 3063 165 3096 a.
182 3045 289 3112 865152,
306 3049 339 3098 cf.
352 3049 463 3097 titulum
477 3047 609 3097 urbanum
622 3053 756 3110 repertum

143 3131 169 3180 in
202 3147 265 3182 arcu
292 3133 388 3196 duplici
415 3147 500 3197 aquae
527 3131 653 3181 Claudiae
678 3147 758 3195 supra

143 3218 243 3268 bivium
254 3218 358 3266 riarum
372 3218 559 3268 Praenestinae
572 3222 600 3267 et
611 3217 757 3268 Labicanae

142 3302 206 3367 (quo
228 3317 291 3353 areu
310 3307 399 3366 postea
417 3303 458 3353 usi
475 3307 540 3352 sunt
557 3303 589 3351 ad
608 3303 757 3352 taciendam

143 3392 243 3451 portam
261 3387 475 3450 Praenestinam,
495 3388 571 3436 bodie
591 3388 669 3436 Porta
681 3387 756 3451 Mag-

142 3468 226 3534 giore)
243 3468 271 3519 C.
289 3469 308 3519 1.
327 3470 354 3518 L.
373 3469 490 3519 771256
509 3486 539 3514 =
558 3471 629 3521 Dess,
648 3487 674 3520 n.
692 3471 755 3521 218ε

146 3555 181 3604 Ti.
202 3555 331 3604 Claudius
355 3555 438 3605 Drusi
461 3555 480 3618 f.
500 3555 600 3605 Caesar
617 3555 756 3618 Arrpustus

143 3640 319 3689 Germanicus
342 3638 443 3701 pontif.
469 3641 584 3689 rrraaim.
610 3640 757 3689 tribunicia

140 3731 270 3787 potestate
292 3723 348 3773 XII
368 3738 417 3773 cos.
447 3723 636 3786 Vimperator
652 3724 759 3773 XXVII

140 3817 220 3872 pater
232 3809 342 3872 patruae
358 3824 445 3871 carras
464 3808 609 3857 Claudiam
624 3823 658 3857 ea
669 3808 755 3870 sonti-

142 3895 187 3944 bus
205 3896 253 3958 qui
270 3895 437 3944 uocabantur
450 3893 592 3943 Caeruleus
605 3899 631 3944 ct
646 3893 755 3943 Gratius

141 3993 157 4026 a
190 3980 323 4028 milliario
360 3978 486 4028 XXXXV
520 3979 585 4027 item
619 3976 755 4029 Anienem

141 4077 238 4112 novam
255 4080 272 4112 a
289 4064 423 4113 milliario
435 4061 512 4112 LXII
523 4078 573 4110 sua
587 4064 712 4125 turpasse
724 4066 755 4113 ln

140 4147 234 4197 urbem
248 4147 436 4209 perducendus
452 4149 565 4196 carro-uit.
589 4147 618 4210 Ο]
624 4162 661 4196 ms
679 4151 754 4198 tanta

140 4231 276 4280 eeleritate
294 4232 445 4281 confectum
463 4234 491 4280 et
509 4237 599 4294 postea
616 4245 632 4280 a
650 4231 753 4282 Nerone

139 4320 276 4378 tantopere
294 4318 446 4379 neglectum
464 4321 518 4379 est,
536 4320 567 4365 ut
578 4315 754 4379 Vespasianus

140 4414 162 4448 a.
180 4398 270 4463 821171
289 4405 317 4450 et
333 4400 420 4449 denuo
436 4399 511 4449 Titus
521 4415 544 4449 a.
553 4397 646 4463 833131
655 4415 751 4465 aquam

139 4482 277 4534 Claudiam
312 4484 478 4534 restituerint
512 4486 545 4535 cs.
570 4484 597 4534 C.
620 4485 639 4535 Ι.
665 4485 691 4534 L.
719 4486 752 4535 Vl

138 4567 204 4617 1257
224 4584 254 4611 =
272 4568 344 4618 Dess.
363 4585 387 4619 n.
406 4568 469 4618 218ε
487 4571 557 4633 lrnp.
577 4570 677 4620 Caesar
691 4570 752 4621 Ves-

137 4654 269 4715 pasianus
286 4652 398 4715 August.
415 4655 515 4716 pontis.
533 4671 607 4705 risun.
628 4657 688 4704 trib.
698 4662 751 4718 pot.

138 4737 169 4785 ΙΙ
191 4739 258 4799 imp.
290 4736 327 4785 VI
350 4753 400 4788 eos.
426 4739 472 4787 Ill
494 4740 578 4802 desip.
601 4741 661 4788 IIII
679 4758 707 4803 p.
723 4757 751 4803 p.

136 4837 224 4886 apricas
244 4821 368 4875 Curtium
388 4829 414 4878 et
432 4823 591 4877 Caerrdeam
606 4827 751 4891 perductas

817 861 834 894 a
864 847 926 895 divo
954 846 1066 896 Claudio
1092 853 1117 896 et
1139 852 1232 908 postea
1259 846 1429 911 intermissas

816 931 991 994 dilapsusque
1011 947 1063 994 per
1084 946 1170 981 annos
1192 945 1288 980 novem
1308 944 1358 978 sua
1375 931 1428 978 im-

814 1029 900 1077 pensa
917 1016 978 1065 urbi
995 1018 1124 1066 restituit.
1143 1014 1170 1064 C.
1189 1016 1208 1065 l.
1225 1015 1254 1064 L.
1272 1014 1306 1063 Vl
1323 1012 1428 1063 1258:

817 1099 888 1149 Dess.
916 1115 940 1149 n.
968 1099 1031 1150 218ι
1056 1101 1126 1163 Imp.
1156 1100 1182 1150 Τ.
1211 1099 1309 1149 Caesar
1334 1097 1427 1158 divis.

821 1185 1000 1250 Vespasianus
1025 1187 1165 1250 Augustus
1187 1183 1316 1248 pontifeoe
1338 1183 1429 1231 niari-

815 1286 877 1320 mus
910 1271 1034 1321 tribunis.
1064 1277 1197 1334 potestate
1228 1270 1253 1318 X
1279 1271 1430 1332 imperatur

815 1354 897 1405 XVII
922 1362 1005 1418 pater
1034 1357 1144 1418 patriae
1168 1368 1262 1405 censor
1286 1367 1335 1402 cos.
1366 1351 1432 1401 VIII

815 1455 902 1503 aquas
921 1440 1046 1490 Curtium
1063 1445 1089 1490 et
1108 1439 1268 1489 Caeruleum
1284 1438 1429 1501 perductas

815 1539 833 1573 a
849 1525 912 1573 dico
931 1524 1044 1574 Claudio
1060 1531 1086 1575 et
1101 1531 1196 1587 postea
1213 1539 1230 1572 a
1246 1524 1308 1572 divo
1328 1521 1428 1584 Vespa-

815 1611 894 1659 siano
914 1616 995 1672 putre
1017 1624 1065 1659 sua
1088 1610 1150 1659 urbi
1173 1610 1315 1659 restitutas
1332 1621 1394 1656 cunr
1411 1622 1428 1655 a

814 1696 902 1757 capite
918 1710 1056 1757 cartarum
1070 1710 1088 1743 a
1100 1695 1155 1743 solo
1167 1699 1296 1743 uetustate
1305 1692 1429 1753 dilapsae

814 1787 902 1829 essent
925 1794 993 1829 noua
1016 1778 1107 1832 torum
1124 1777 1290 1828 reducendus
1307 1791 1358 1825 sua
1375 1776 1427 1824 im-

812 1878 899 1925 pensa
920 1865 1031 1913 curauit.
1059 1862 1098 1913 Cf.
1122 1875 1259 1927 praeterea
1276 1861 1386 1911 titulum
1405 1875 1427 1910 a.

814 1944 908 2009 811188
933 1947 960 1996 C.
980 1949 999 1998 l.
1017 1948 1044 1997 L.
1068 1947 1127 1997 XIV
1149 1945 1227 1997 3530:
1253 1947 1346 1996 Bonae
1362 1946 1429 1995 deae

814 2034 1003 2082 sanctissimae
1013 2033 1119 2083 caelati
1130 2032 1157 2082 I..
1165 2032 1323 2095 Paquedius
1333 2029 1427 2080 Festus

814 2119 970 2180 redemptor
977 2132 1091 2180 operum
1099 2116 1205 2166 Caesar.
1220 2122 1247 2166 et
1251 2116 1427 2178 puplicarum

813 2203 907 2252 aedem
930 2203 1048 2251 diritam
1074 2202 1169 2264 refecit
1192 2202 1264 2264 quod
1288 2199 1427 2249 adiutorio

813 2289 870 2336 eius
891 2289 979 2336 rivom
995 2302 1083 2349 aqrrae
1102 2287 1231 2336 Claudiae
1247 2285 1361 2348 August.
1379 2286 1427 2333 sub

812 2379 904 2423 ntonte
915 2371 1030 2436 Aeliano
1038 2373 1239 2421 consummavit
1248 2370 1317 2433 Imp.
1327 2371 1425 2420 Domit.

814 2457 887 2507 Caes.
904 2457 976 2519 Aug.
995 2457 1085 2507 Gerus
1104 2455 1190 2505 XIIII
1204 2470 1253 2505 cos.
1267 2454 1364 2505 VNon.
1375 2454 1425 2504 lut.

845 2544 1000 2605 divisitque.
1027 2542 1076 2591 hoc
1102 2541 1134 2590 ad
1161 2545 1305 2604 utramque
1327 2555 1425 2603 aquam

811 2631 926 2689 spectat,
951 2627 983 2676 ci.
1007 2625 1121 2675 Frontin.
1139 2625 1168 2687 2,
1194 2623 1240 2674 86ε
1268 2624 1384 2673 Claudia
1401 2632 1426 2675 et

811 2711 883 2761 Anio
895 2725 978 2760 nouus
989 2717 1067 2760 entra
1077 2711 1173 2760 urbem
1180 2711 1294 2772 proprio
1303 2724 1427 2772 quaeque

811 2797 871 2845 rico
887 2795 1053 2858 scopabatur
1068 2821 1101 2828 —
1116 2796 1191 2844 intra
1202 2795 1297 2845 urbem
1309 2794 1425 2857 confun-

811 2880 953 2929 debantur.
979 2879 1010 2942 2,
1035 2877 1081 2928 sl:
1114 2894 1197 2929 nouus
1223 2879 1294 2928 Anio
1319 2879 1425 2928 citabat

811 2970 912 3014 ceteras
928 2990 961 2997 —
979 2965 1101 3013 rruaccime
1119 2964 1275 3027 Claudiani,
1293 2980 1362 3027 puae
1375 2981 1426 3027 per

811 3050 900 3097 iruulta
929 3049 1010 3097 mitia
1042 3063 1172 3111 passuum
1201 3051 1316 3112 proprio
1343 3051 1425 3099 ducta

812 3135 869 3182 rivo
893 3133 996 3183 Romae
1018 3133 1131 3182 dencrrm
1153 3149 1212 3182 enm
1238 3132 1345 3184 Anione
1360 3149 1424 3197 per·

811 3220 895 3268 mista
918 3220 949 3269 in
966 3219 1014 3266 hoc
1032 3223 1137 3280 tempus
1151 3219 1283 3280 perdebat
1297 3222 1423 3282 proprie-

812 3309 902 3353 tatem.

844 3390 1032 3438 ornatissimos
1051 3389 1131 3438 lacrrs.
1155 3389 1238 3452 signis
1263 3391 1303 3437 rel
1325 3390 1423 3439 salien-

810 3474 883 3523 tibus
906 3477 1012 3523 ornatos
1036 3477 1067 3522 ut
1084 3473 1198 3536 Agrippa
1214 3479 1294 3522 antea
1311 3474 1422 3536 lecerat,

810 3558 842 3606 ci.
862 3557 928 3606 Plin.
947 3557 977 3606 H.
996 3557 1026 3606 N.
1045 3553 1165 3620 36,121.

844 3643 932 3691 lacum
948 3642 1091 3691 Fucinum.
1109 3642 1137 3690 in
1148 3642 1282 3691 montibus
1291 3642 1422 3705 Apennini

809 3728 837 3776 in
856 3726 953 3776 finibus
971 3726 1118 3776 Marsorum
1136 3727 1233 3790 situm,
1258 3727 1334 3776 bodie
1352 3727 1422 3790 Lago

809 3812 835 3860 di
853 3810 958 3860 Celano.

841 3910 994 3958 oppressus.
1030 3895 1079 3944 hoc
1104 3911 1157 3945 non
1182 3911 1244 3946 cnm
1271 3897 1421 3947 Burmanno

809 3985 867 4043 post
883 3981 948 4030 alios
965 3981 1003 4029 ita
1017 3980 1201 4042 explicandum
1214 3986 1268 4043 est,
1286 3986 1317 4030 ut
1328 3997 1421 4046 praeg-

808 4070 904 4114 nanter
929 4065 1031 4114 dictum
1056 4065 1155 4113 valeat:
1186 4065 1272 4128 coepit
1296 4066 1339 4114 sed
1367 4081 1420 4116 nori

809 4149 925 4212 perfecit.
943 4148 1012 4198 Nam
1030 4148 1173 4199 Suetonius
1191 4165 1256 4212 opus
1273 4151 1420 4212 perlectum

807 4247 863 4282 esse
889 4232 1005 4295 putavit,
1036 4233 1068 4282 cl.
1095 4234 1357 4298 muntem-absoluit,
1391 4241 1421 4284 ut

807 4317 913 4367 Tacitus
945 4315 1025 4379 (Arm.
1057 4318 1105 4366 ΧΠ
1131 4317 1164 4367 56
1189 4317 1240 4382 sq.)
1266 4325 1294 4369 et
1319 4320 1421 4369 Plinius

807 4401 849 4463 (H.
868 4402 899 4452 N.
917 4400 964 4465 36,
989 4400 1064 4465 121),
1089 4407 1181 4451 eontra
1198 4403 1245 4452 Dio
1263 4404 1288 4452 id
1307 4419 1322 4452 a
1340 4404 1419 4454 Clau·

807 4488 849 4536 dio
867 4503 919 4536 non
937 4487 1084 4549 perlectum
1102 4502 1159 4535 esse
1175 4487 1238 4536 dicit
1250 4487 1308 4551 (60,
1325 4487 1372 4552 11,
1390 4490 1419 4539 5;

806 4567 921 4635 ἠθέλησε
943 4566 1011 4633 μὲν).
1036 4569 1107 4633 Opus
1131 4571 1224 4620 fraude
1241 4571 1356 4622 Narcissi
1373 4575 1419 4636 qui

806 4659 877 4720 operi
908 4661 1041 4720 praeesset
1072 4656 1244 4719 neglegenter
1269 4658 1419 4706 confectum

806 4741 888 4791 tuisse
905 4742 1083 4805 colligendum
1101 4745 1190 4790 estex
1209 4741 1291 4791 Dione
1308 4741 1354 4804 66,
1372 4741 1418 4804 33,

806 4825 834 4875 6:
852 4823 891 4873 ὅτι
909 4822 925 4872 ὅ
941 4820 1096 4888 Νάρκισσος
1114 4828 1159 4888 τῆς
1176 4821 1268 4888 λίμνης
1285 4829 1331 4889 τῆς
1349 4822 1420 4874 Φου-
