3322 5512
918 362 975 420 154

91 544 131 619 O.
160 549 215 617 34.
307 546 557 642 parricidarum
581 548 870 642 repraesentabat
894 547 1125 643 exigebatque
1151 571 1276 622 coram.
1311 547 1400 622 Cum
1427 556 1588 643 spectare

304 672 436 767 antiqui
469 671 576 744 moris
610 671 819 768 supplicium
853 671 977 746 Tiburi
1012 672 1249 769 concupisset,
1283 682 1318 747 et
1351 672 1515 767 deligatis
1540 671 1587 744 ad

304 798 421 894 palum
460 797 574 871 noxiis
612 797 765 871 carnifex
804 796 960 891 deesset,
1006 798 1156 871 accitum
1192 798 1238 871 ab
1276 798 1362 872 urbe
1400 821 1585 894 vesperam

304 946 415 1019 usque
449 923 599 1019 opperiri
634 922 880 1018 perseveravit.
919 923 1148 1019 Quocumque
1181 923 1389 1019 gladiatorio
1423 945 1585 1015 munere,

303 1049 359 1121 vel
398 1071 461 1121 suo
499 1048 556 1120 vel
591 1047 722 1141 alieno,
762 1046 866 1120 etiam
900 1049 988 1120 forte
1023 1049 1206 1143 prolapsos
1240 1048 1391 1143 iugulari
1424 1048 1585 1139 iubebat,

301 1173 453 1246 maxime
486 1172 662 1265 retiarios,
703 1180 742 1246 ut
774 1171 1026 1269 exspirantium
1061 1172 1169 1246 iacies
1204 1172 1347 1246 videret.
1395 1172 1487 1246 Cum
1520 1195 1584 1268 par

301 1298 476 1394 quoddam
501 1299 631 1372 mutuis
656 1297 783 1371 ictibus
809 1296 1034 1390 concidisset,
1069 1298 1229 1371 cultellos
1255 1297 1321 1372 sibi
1346 1298 1515 1394 parvulos
1541 1320 1584 1370 ex

302 1431 447 1519 utroque
480 1426 572 1497 ferro
606 1424 641 1497 in
673 1446 777 1496 usum
801 1422 876 1495 fieri
903 1421 979 1494 sine
1004 1444 1103 1495 mora
1127 1422 1239 1496 iussit.
1273 1422 1457 1496 Bestiariis
1482 1421 1584 1495 meri-

301 1549 483 1644 dianisque
508 1550 596 1622 adeo
622 1548 878 1639 delectabatur,
904 1555 941 1619 ut
967 1555 1002 1619 et
1029 1547 1142 1643 prima
1165 1549 1244 1621 luce
1270 1547 1317 1621 ad
1342 1548 1583 1644 spectaculum

300 1737 341 1781 tos
367 1732 416 1780 hac
438 1746 522 1794 poena
544 1731 661 1780 affecisse
686 1731 747 1780 dicit
765 1731 864 1781 Seneca
881 1732 913 1781 de

299 1815 442 1865 clementia
459 1815 470 1863 1
487 1813 528 1878 23,
545 1814 575 1865 l:
592 1816 676 1865 Pater
693 1821 754 1864 tuiis
768 1814 913 1878 (Neronem

300 1898 456 1964 alloquitur)
477 1901 571 1963 plures
593 1902 668 1950 intra
692 1901 912 1964 quinquennium

299 1985 382 2034 culleo
405 1986 505 2047 insuit,
538 1999 623 2048 quam
646 1985 773 2034 omnibus
799 1986 913 2035 saeculis

300 2071 402 2119 insutos
419 2070 579 2132 accepimus.
597 2068 637 2119 Gi.
655 2070 722 2134 Aug.
739 2069 780 2119 33.

332 2156 559 2218 repraesentabat.
583 2154 750 2206 cf.vit.10:
774 2171 912 2206 nonnum-

300 2256 383 2303 quam
405 2255 498 2290 necem
514 2247 748 2303 repraesentantes
765 2242 912 2290 aduersan-

300 2327 380 2375 tibus.
405 2325 460 2375 Val.
478 2325 546 2375 Max.
565 2324 644 2374 V15:
666 2339 784 2388 poenam
801 2340 912 2388 reprae-

299 2417 405 2461 sentare
421 2413 528 2460 oculuit.
546 2410 635 2459 Minus
651 2414 742 2460 autem
759 2415 829 2460 recte
844 2425 912 2460 non-

299 2497 367 2545 nulli
396 2497 555 2559 interpretes
581 2500 743 2558 putaverunt
768 2495 911 2545 Claudium

299 2596 315 2630 a
332 2581 457 2630 Suetonio
475 2581 630 2643 vituperari,
648 2581 719 2644 quod
732 2585 823 2630 contra
834 2588 911 2630 sena·

299 2671 343 2716 tus
366 2668 517 2715 consultum
541 2665 652 2728 egisset,
676 2680 729 2728 quo
752 2666 911 2729 supplicium

298 2751 400 2800 decimo
423 2751 532 2800 demum
561 2751 603 2799 die
629 2754 688 2813 post
712 2751 911 2800 damnationem

298 2836 369 2885 sumi
393 2834 548 2898 iubebatur,
581 2834 613 2885 ci.
637 2834 696 2884 Tac.
722 2834 789 2883 Ann.
817 2833 910 2883 11151.

298 2920 371 2970 Suet.
394 2921 449 2969 Tib.
474 2919 513 2970 75.
534 2921 582 2969 Dio
600 2919 640 2982 57,
657 2919 699 2980 20,
716 2919 746 2982 43
770 2918 810 2983 58,
828 2919 869 2983 27,
887 2920 910 2970 5.

298 3005 398 3055 Seneca
420 3006 452 3054 de
475 3010 562 3068 tranq.
587 3021 628 3055 an.
652 3004 699 3068 id,
724 3005 747 3056 4.
769 3006 845 3068 Apud
863 3007 911 3056 bos

298 3091 369 3139 enim
389 3091 540 3154 scriptores,
564 3095 595 3139 ut
612 3091 766 3154 praesertim
783 3090 868 3140 Taciti
884 3095 911 3140 et

299 3175 389 3224 Dionis
405 3176 454 3225 loci
471 3176 630 3240 ostendunt,
653 3191 739 3226 sermo
757 3181 798 3225 est
814 3177 846 3225 de
863 3177 910 3248 iis,

299 3260 346 3323 qui
364 3261 511 3309 maiestatis
528 3265 555 3310 et
568 3265 688 3310 asenatu
697 3261 817 3310 damnati
826 3265 910 3310 erant.

298 3345 334 3394 Ex
359 3345 407 3394 boc
430 3347 486 3395 loco
509 3346 536 3394 id
559 3351 669 3395 tantum
693 3350 815 3408 apparet,
839 3346 910 3410 quod

298 3437 325 3480 et
343 3445 389 3494 par
397 3434 451 3493 est,
468 3431 706 3480 interseutentiam
716 3431 910 3493 etsupplicium

297 3516 412 3579 spatium
430 3516 537 3579 aliquod
556 3516 612 3565 dari
630 3517 739 3564 solitum
756 3516 847 3565 fuisse.

330 3601 506 3664 eaiqebatque
530 3615 630 3651 coram.
656 3603 734 3665 vulgo
760 3603 911 3651 animante

297 3690 399 3749 portam
417 3685 582 3749 Esquilinam
600 3685 772 3735 necabantur.

330 3771 439 3833 antiqui
464 3771 550 3820 moris
571 3771 746 3833 supplicium.
769 3772 823 3820 tale
847 3785 911 3833 sup-

299 3855 406 3918 plicium
423 3854 478 3918 ipse
495 3853 640 3905 Suetonius
658 3855 781 3904 describit
793 3855 853 3905 Ner.
863 3853 909 3905 49:

300 3941 418 4003 lepitque
451 3955 479 3989 se
514 3941 617 3990 bostem
642 3967 675 3974 —
707 3942 860 3990 iudicatum
885 3947 911 3990 et

298 4025 408 4088 quaeri,
440 4030 471 4074 ut
496 4027 634 4088 puniatur
657 4039 733 4075 more
757 4028 910 4088 naulorum,

299 4111 531 4173 interroqavitque
563 4111 643 4173 quale
671 4110 700 4158 id
729 4124 814 4172 penus
843 4115 910 4159 esset

295 4208 415 4256 poeuae;
431 4201 457 4244 et
467 4209 527 4243 cum
541 4195 725 4258 comperisset,
740 4195 808 4244 nudi
822 4194 909 4243 bomi-

297 4280 341 4329 nis
360 4279 489 4329 ceruicem
505 4280 590 4328 inseri
605 4279 700 4341 furcae
714 4293 811 4341 corpus
824 4279 910 4341 oirqis

297 4366 333 4413 col
345 4379 435 4415 necem
445 4365 534 4428 caedi,
553 4364 651 4428 quibus
660 4369 750 4413 tamen
759 4363 910 4412 addendum

298 4448 363 4511 fuit,
380 4453 407 4498 et
424 4449 509 4498 securi
526 4448 640 4512 percuti,
658 4449 690 4497 ct.
708 4447 762 4497 Liv.
781 4447 805 4495 II
823 4446 846 4496 5.
864 4447 911 4496 VII

298 4532 338 4583 ta.
356 4534 439 4583 xxvi
455 4533 495 4583 45.

335 4619 435 4667 Tiburi.
459 4619 564 4681 saepius
587 4617 713 4667 Claudius
730 4616 767 4666 ibi
783 4617 826 4665 ius
844 4617 910 4665 dixit

297 4707 360 4752 ante
378 4704 471 4751 fanum
489 4703 609 4767 Herculis
620 4702 744 4765 Victoris,
763 4701 908 4766 utdugus-

297 4794 341 4837 tus
359 4802 465 4851 quoque
483 4788 582 4837 fecerat
597 4785 676 4851 (Aug.
690 4787 745 4850 72),
766 4787 799 4836 cf.
809 4786 908 4836 Seneca

297 4874 400 4936 Apocol.
426 4871 449 4935 7,
475 4871 504 4921 4:
530 4887 576 4935 epo
603 4873 696 4922 Tiburi
721 4871 770 4934 (ita
794 4872 906 4934 Buccis,

968 1732 1023 1780 cod.
1048 1729 1108 1793 tibi)
1132 1737 1195 1781 ante
1218 1733 1352 1794 templum
1373 1727 1523 1792 (Herculis)
1541 1730 1584 1778 ius

968 1816 1092 1866 dicebam
1122 1818 1183 1865 totis
1213 1817 1306 1867 diebus
1337 1830 1429 1866 nwnse
1460 1815 1532 1864 Iulio
1558 1819 1585 1863 et

967 1901 1097 1964 Aupusto.

1001 1986 1127 2048 carnifea
1157 1987 1266 2036 deesset.
1305 2001 1368 2036 nam
1399 2001 1446 2050 per
1476 1987 1584 2036 lictores

966 2071 1179 2136 (quosOlaudius
1188 2087 1277 2122 secum
1288 2068 1413 2132 habebat)
1422 2070 1583 2134 supplicium

966 2159 1020 2208 iam
1055 2158 1125 2207 sumi
1151 2172 1203 2206 non
1231 2155 1344 2218 solebat,
1375 2155 1408 2204 cf.
1434 2154 1583 2203 Mommsen

967 2244 1027 2294 StR.
1046 2241 1070 2292 1³
1086 2241 1135 2293 381
1154 2243 1175 2292 A
1194 2241 1208 2292 i
1228 2258 1258 2285 =
1277 2240 1300 2290 1²
1317 2240 1375 2290 365.

999 2344 1139 2392 vesperam
1164 2343 1257 2392 usque.
1290 2328 1322 2376 de
1349 2327 1391 2375 die
1417 2326 1491 2374 enirn
1518 2326 1584 2374 talia

967 2413 1024 2463 fieri
1041 2429 1098 2462 mos
1115 2417 1179 2462 erat.
1198 2411 1241 2462 Sic
1250 2410 1332 2461 Gaius
1341 2409 1584 2474 quoqueaSeneca

965 2498 1009 2560 (de
1027 2499 1065 2547 ira
1083 2498 1118 2547 lll
1136 2495 1180 2558 ’18)
1190 2497 1357 2560 vituperatur
1366 2494 1435 2559 quod
1446 2498 1584 2544 senatores

966 2585 997 2633 ad
1025 2585 1160 2634 lucernam
1185 2581 1332 2642 interfecit,
1357 2579 1401 2629 sed
1427 2579 1484 2628 sine
1502 2579 1583 2628 dubio

966 2667 1048 2718 Gaius
1073 2673 1100 2718 et
1126 2668 1253 2718 Claudius
1276 2667 1334 2715 iure
1351 2666 1389 2714 ita
1406 2679 1484 2729 agere
1503 2669 1582 2728 potu-

965 2758 1053 2803 erunt.

998 2839 1039 2888 uel
1056 2852 1104 2886 suo
1119 2838 1160 2886 vel
1177 2838 1273 2886 alieno.
1299 2835 1328 2884 in
1351 2835 1406 2883 suis
1422 2833 1583 2884 muneribus

964 2924 1019 2986 ipse
1027 2923 1146 2986 princeps
1155 2922 1308 2971 missionem
1317 2919 1447 2968 dabatvel
1456 2919 1580 2982 negabat,

965 3008 1078 3071 populus
1096 3011 1127 3056 ut
1143 3007 1251 3055 daretur
1269 3019 1362 3069 rogare
1379 3008 1489 3053 tantum
1507 3008 1581 3067 pote·

964 3096 1019 3154 rat;
1037 3092 1065 3140 in
1083 3091 1239 3140 muneribus
1257 3091 1291 3140 ab
1308 3091 1366 3139 aliis
1383 3089 1453 3138 datis
1467 3088 1581 3138 editores

965 3177 1015 3225 boc
1051 3175 1243 3239 spectatoribus
1276 3175 1413 3224 remittere
1449 3173 1580 3224 solebant.

964 3262 1059 3324 Itaque
1100 3261 1128 3309 in
1170 3260 1264 3309 alienis
1304 3260 1374 3309 ludis
1414 3259 1579 3322 gladiatoriis

964 3344 1091 3394 Claudius
1116 3345 1267 3408 usurpavit,
1300 3345 1370 3408 quod
1397 3348 1579 3407 spectatorum

965 3434 1029 3479 erat.

997 3515 1223 3577 nteridianisque.
1247 3515 1279 3562 de
1305 3513 1345 3562 his
1370 3513 1403 3562 cf.
1421 3513 1522 3563 Seneca
1540 3527 1580 3576 ep.

965 3597 987 3662 7,
1011 3597 1028 3647 3
1050 3615 1103 3662 sq:
1126 3614 1190 3648 casu
1212 3600 1243 3648 in
1265 3599 1455 3648 rraeridiunum
1475 3604 1579 3660 specta-

964 3686 1055 3733 culum
1079 3685 1164 3733 ineidi
1188 3685 1262 3733 lusus
1285 3687 1444 3744 exspectaus
1466 3687 1493 3730 et
1510 3682 1580 3730 sales

964 3775 990 3817 et
1019 3769 1127 3831 aliquid
1159 3767 1323 3828 laxamenti,
1356 3781 1408 3829 quo
1434 3767 1580 3816 bominum

964 3853 1034 3902 ocelli
1062 3853 1096 3903 ab
1124 3855 1244 3902 bumana
1269 3865 1364 3900 cruore
1388 3852 1580 3913 acquiescant:

964 3943 1056 3987 contra
1083 3943 1129 3986 est.
1156 3937 1292 4000 quidquid
1319 3941 1401 3985 antea
1421 3941 1580 3997 pupnatum

964 4028 1016 4085 est,
1050 4023 1241 4072 misericordia
1273 4022 1335 4083 fuit.
1366 4036 1440 4071 nilne
1469 4021 1580 4069 omissis

964 4110 1047 4171 nuqis
1071 4122 1149 4156 uteru
1173 4107 1322 4155 bomiciolia
1344 4111 1415 4155 sunt.
1439 4105 1511 4154 nibil
1529 4106 1579 4154 ba-

965 4194 1025 4243 bent
1048 4206 1100 4255 quo
1126 4196 1261 4254 teqantur.
1282 4191 1318 4238 ad
1335 4193 1421 4239 ictum
1439 4191 1501 4239 totis
1518 4205 1578 4239 cor-

963 4278 1077 4341 poribus
1120 4277 1237 4339 conpositi
1275 4290 1430 4338 numquam
1470 4275 1579 4337 frustra

963 4377 1080 4412 uranum
1111 4363 1235 4411 mittunt.
1267 4360 1325 4409 Hoc
1347 4361 1474 4423 plerique
1502 4361 1578 4409 orali-

963 4449 1053 4497 nariis
1078 4448 1193 4510 paribus
1216 4452 1242 4495 et
1262 4446 1445 4508 postulaticiis
1464 4445 1578 4507 praefe-

963 4538 1036 4582 runt.
1071 4531 1172 4589 Qniolni
1199 4530 1379 4592 praeferunt?l
1404 4544 1459 4578 non
1484 4530 1578 4592 palea,

964 4632 1019 4666 non
1036 4622 1110 4665 screto
1127 4616 1271 4679 repellitur
1288 4615 1403 4677 ferrum.
1421 4616 1577 4677 quantuni-

962 4701 1074 4751 mental
1099 4715 1152 4763 qno
1175 4700 1267 4749 artes?
1290 4699 1384 4748 omnia
1407 4699 1461 4746 ista
1478 4699 1577 4747 mortis

962 4799 1054 4835 morae
1086 4790 1157 4834 siant.
1190 4785 1270 4833 Mane
1302 4782 1421 4832 leonibus
1454 4788 1479 4831 et
1504 4783 1578 4831 ursis

960 4870 1091 4933 homines,
1102 4869 1218 4919 meridie
1225 4866 1419 4931 spectatoribus
1427 4868 1484 4915 suis
1493 4867 1577 4916 obici·
