3322 5512
877 329 916 387 aa

154 570 161 585 .
253 516 487 610 „fluctuemus
514 513 650 587 Licebit
675 522 810 606 autem,
836 513 865 586 si
893 514 1008 606 voles,
1033 512 1207 586 Antoniae
1233 536 1370 610 quoque
1395 521 1537 589 nostrae

252 641 336 735 „des
369 641 459 715 hanc
492 647 627 736 partem
663 639 833 734 epistulae
866 638 970 712 huius
1002 638 1217 732 legendam.”
1251 639 1391 713 Rursus
1416 640 1537 714 alteris

254 765 398 839 litteris:

300 890 500 984 „Tiberium
534 890 793 963 adulescentem
828 911 893 984 ego
927 911 1028 980 vcro,
1063 889 1146 962 dum
1180 889 1379 980 tuebaris,
1411 889 1535 963 cotidie

252 1015 426 1108 „invitabo
451 1014 496 1087 ad
523 1038 661 1108 cenam,
688 1037 732 1086 nc
757 1013 855 1086 solus
881 1022 980 1087 cenet
1005 1038 1083 1088 cum
1108 1036 1171 1088 suo
1193 1014 1348 1110 Sulpicio
1371 1023 1406 1087 et
1425 1013 1535 1087 Athe-

251 1140 409 1234 „nodoro
436 1139 505 1228 Qui
531 1139 660 1211 vellem
686 1137 888 1233 diligentius
914 1147 948 1212 et
972 1138 1087 1211 minus
1112 1147 1265 1228 μετεώρως
1283 1138 1453 1234 deligeret
1469 1139 1535 1212 sibi

252 1264 440 1360 „aliquem
482 1263 582 1336 cuius
618 1270 750 1336 motum
791 1271 826 1335 et
863 1262 1020 1337 habitum
1055 1272 1090 1336 ct
1122 1263 1299 1336 incessum
1332 1262 1534 1336 imitaretur.

252 1388 434 1481 „Misellus
468 1397 609 1477 ἀτυχεῖ·
636 1411 719 1461 nam
747 1398 777 1460 ἐν
801 1403 863 1468 τοῖς
888 1396 1077 1472 saeviebat,
1102 1387 1161 1461 ubi
1179 1410 1249 1461 non
1268 1387 1445 1462 aberravit
1462 1386 1538 1461 eius

251 1512 427 1606 „animus‚
454 1511 541 1585 satis
566 1526 712 1607 apparet
737 1523 754 1597 ἡ
778 1527 832 1595 τῆς
855 1527 962 1602 ψυχῆς
984 1523 1076 1587 αὐτοῦ
1100 1511 1267 1599 εὐγένειαί

300 1638 388 1711 Item
415 1637 527 1711 tertiis
552 1637 693 1711 litteris:

301 1761 502 1854 „Tiberium
564 1770 725 1857 nepotem
784 1770 881 1835 tuum
939 1762 1078 1858 placere
1137 1762 1220 1834 mihi
1280 1763 1535 1836 declamantem

251 1887 444 1983 „potuissc‚
494 1909 636 1982 peream
686 1886 773 1978 nisi,
822 1910 902 1960 mea
951 1886 1073 1980 Livia,
1125 1887 1286 1961 admiror.
1336 1888 1429 1960 Nam
1475 1888 1535 1984 qui

919 2127 1060 2186 postquam
1086 2123 1198 2175 Rothius
1221 2139 1236 2173 e
1254 2124 1309 2174 cod.
1329 2124 1490 2173 Memmiana
1508 2128 1537 2173 et

919 2208 1037 2256 Parisino
1059 2206 1126 2257 elle
1143 2210 1229 2259 dedit:
1253 2225 1319 2259 nana
1336 2205 1364 2257 ἕν
1381 2213 1435 2263 τοῖς
1453 2224 1535 2257 σπου-

250 2124 400 2174 laeiendum
425 2129 508 2187 esset,
537 2126 692 2188 praesertim
716 2140 777 2173 cum
801 2140 864 2173 con-

250 2213 408 2258 sentaneum
440 2215 510 2259 esset
539 2209 728 2259 Germanicum
753 2210 864 2258 fratrem

250 2309 330 2343 suurn
353 2295 517 2357 praefectum
542 2294 601 2343 urbi
624 2295 782 2343 relicturum
799 2308 864 2342 esse.

283 2392 330 2440 eqo
344 2393 415 2428 cero.
445 2393 507 2428 aero
529 2393 607 2441 saepe
625 2380 772 2442 pronomini
789 2379 864 2427 addi-

250 2468 295 2512 tur
313 2463 340 2511 in
355 2464 523 2526 responsione
540 2462 705 2513 affirmativa.
719 2464 790 2513 Liria
802 2478 864 2526 ergo

250 2548 282 2596 ab
295 2547 415 2611 Augusto
428 2549 533 2610 petiisse
546 2548 666 2611 ridetur,
682 2546 863 2597 utClsudinm

249 2647 277 2682 se
295 2634 404 2683 absente
422 2634 582 2682 observaret.

283 2716 413 2779 Sulpicio.
439 2718 510 2766 idem
528 2719 618 2780 procul
637 2718 729 2781 dubio,
747 2732 828 2781 quem
842 2734 863 2767 c.

249 2800 280 2849 dl
316 2798 374 2863 (ubi
409 2801 540 2864 Sulpicius
573 2802 669 2851 Flavus
702 2801 863 2865 appellatur)

250 2885 393 2935 Suetonius
424 2887 506 2935 tradit
531 2886 680 2934 adiutorem
707 2884 810 2935 Claudii
836 2887 863 2934 in

250 2971 444 3020 conscribendis
461 2971 578 3021 historiis
595 2971 684 3020 fuisse.

282 3054 462 3104 Athenodoro.
481 3071 579 3105 nomen
596 3056 694 3105 indicat
707 3070 769 3103 eum
782 3055 863 3104 liber-

250 3139 338 3187 tinum
351 3138 445 3201 fuisse,
458 3144 540 3202 atque
553 3141 682 3203 suspicor,
695 3141 767 3189 hunc
776 3141 862 3202 ipsum

250 3222 392 3284 (natalium
433 3224 600 3272 restitutione
634 3226 753 3287 equitem
789 3223 863 3274 Rom.

249 3309 365 3371 sactum,
392 3309 424 3356 cf.
451 3308 607 3358 llirschfeld.
634 3310 718 3359 llerw.
740 3309 864 3359 Gesch.l

250 3408 272 3455 p.
290 3391 340 3441 136
355 3392 376 3441 A
395 3391 423 3454 2)
440 3395 481 3441 rel
500 3391 585 3441 hlium
604 3394 660 3442 eins
678 3391 760 3455 (malo
773 3398 863 3442 tamen

918 2289 1002 2346 ὂαίοις
1020 2308 1065 2354 pro
1083 2295 1192 2357 vulgatu
1208 2295 1335 2344 lectione:
1354 2289 1457 2358 Ἀτοχεῖ
1464 2289 1534 2343 πάνυ

918 2371 945 2424 ἐν
962 2380 1016 2430 τοῖς
1033 2374 1186 2432 σπουδαίοις
1204 2375 1270 2428 λίαν.

952 2463 1000 2524 qai
1016 2461 1033 2510 i.
1044 2477 1066 2510 e.
1085 2460 1219 2513 Claudius.
1238 2464 1307 2513 Male
1318 2464 1535 2514 hocrocabulurn

918 2545 1223 2609 Barrmgar·ten·Crusins
1257 2549 1409 2612 explicavit,
1445 2549 1536 2599 dicens

918 2632 967 2693 qai
993 2631 1063 2680 idem
1087 2646 1144 2681 esse
1167 2633 1237 2696 quod
1262 2648 1362 2696 quanm
1390 2635 1439 2696 qai
1462 2635 1535 2684 enirn

918 2730 1022 2778 semper
1039 2721 1080 2764 est
1097 2731 1150 2778 qao
1164 2718 1258 2780 modo,
1276 2733 1428 2781 numquam
1441 2733 1534 2781 qaam.

917 2800 1015 2849 Alii-ut
1050 2801 1181 2864 Bremius⁷
1217 2817 1262 2864 per
1295 2803 1454 2852 vocabulum
1485 2805 1535 2866 qai

917 2885 1060 2947 significari
1106 2885 1308 2936 Athenodorum
1358 2892 1535 2951 putaverunt,

919 2972 973 3033 rel,
999 2974 1030 3018 ut
1056 2970 1193 3019 Ernestius
1219 2970 1278 3035 (qui
1305 2973 1374 3022 hanc
1406 2973 1438 3022 ob
1471 2987 1535 3021 cau·

917 3069 974 3104 sam
992 3055 1143 3116 dclipereat
1165 3057 1308 3118 legendum
1328 3071 1385 3105 esse
1407 3057 1536 3119 censuit),

917 3139 1118 3188 Athenodorum
1137 3144 1164 3188 et
1176 3138 1336 3202 Sulpicium,
1354 3140 1434 3188 simul
1450 3139 1535 3188 Athe-

918 3225 1047 3274 nodorum
1066 3224 1246 3288 paedagogum
1261 3224 1352 3284 illurn,
1371 3225 1448 3273 cuius
1461 3239 1535 3273 men·

917 3310 1018 3357 tionem
1052 3323 1132 3371 supra
1165 3307 1309 3358 Suetonius
1341 3309 1417 3372 fecit,
1452 3309 1535 3359 fuisse

917 3394 1091 3456 conicientes,
1140 3394 1217 3455 quasi
1260 3394 1428 3457 paedagogus
1471 3395 1535 3444 olim

249 3479 364 3541 cogitare
379 3478 411 3526 de
423 3479 478 3540 ipsa
490 3476 624 3539 libertino)
638 3475 694 3528 es'se
708 3493 770 3526 eurn
783 3492 864 3540 quem
918 3479 1175 3540 superiumentarius
1192 3479 1303 3528 idoneus
1314 3479 1410 3528 fuisset
1422 3479 1455 3528 ad
1468 3480 1535 3529 deli·

249 3563 299 3612 suh
323 3563 428 3611 Nerone
446 3560 515 3625 (post
533 3577 554 3611 a.
573 3560 676 3625 alalon)
700 3563 864 3625 praefectum
918 3563 1035 3625 gendum
1059 3578 1138 3626 eum,
1161 3563 1238 3612 cuius
1255 3563 1389 3612 incessum
1408 3561 1536 3613 Claudius

249 3661 371 3695 annonae
402 3647 483 3695 fuisse
516 3647 614 3696 indicat
644 3647 778 3709 inscriptio
805 3648 863 3696 urb.
918 3647 1076 3695 imitaretur.
1101 3645 1169 3695 Cum
1193 3647 1225 3696 iis
1243 3662 1312 3710 quae
1329 3647 1468 3711 Augustus
1485 3649 1536 3698 hoc

249 3729 277 3780 G.
296 3732 314 3780 l.
333 3731 360 3779 L.
381 3729 745 3780 v18470=oessa1535=
760 3731 864 3794 Carpus
917 3732 973 3779 luco
987 3732 1019 3779 de
1033 3729 1144 3780 Claudio
1155 3732 1233 3795 dixit,
1251 3733 1356 3795 egregie
1370 3733 1535 3797 conspirant,

248 3814 318 3878 Aap.
345 3816 388 3864 lib.
414 3815 609 3864 Pallantianos
635 3817 744 3864 adiutor
768 3815 863 3865 Claudi
918 3830 987 3878 quae
1010 3814 1154 3866 Suetonius
1174 3831 1195 3866 c.
1213 3815 1246 3864 39
1263 3817 1386 3866 tradidit:
1411 3818 1535 3868 laoniiaes

249 3899 417 3949 Athenodori
435 3899 526 3962 praef.
544 3914 670 3949 canonae
689 3899 752 3961 fecit
769 3901 821 3948 sibi
838 3906 865 3949 et
918 3901 948 3950 ia
965 3916 995 3950 eo
1012 3901 1109 3949 mirati
1126 3908 1190 3950 sant
1201 3903 1533 3954 etoblioioneatetiacoa-

251 3985 380 4034 Claudiae
407 3984 470 4033 Cale
496 3986 586 4048 coiaqi
610 3985 755 4046 piissimae
779 3991 805 4033 et
826 3985 864 4034 Ti.
918 3985 1112 4048 sideraatiam,
1130 3986 1171 4034 uel
1188 3993 1218 4035 at
1230 3988 1534 4050 praecedieampeeew-

251 4069 364 4118 Claudio
372 4068 591 4127 Quir.Aatoaino
600 4068 657 4131 filio
666 4075 692 4118 et
702 4069 723 4116 Τ
723 4073 741 4118 i.
750 4068 864 4117 Claudio
917 4067 977 4132 ρίαν
994 4076 1020 4120 et
1037 4065 1177 4134 ἀβίεψίαν.

249 4154 372 4205 Romano
388 4169 486 4204 uernae
503 4160 529 4203 et
547 4155 651 4203 libertis
670 4155 864 4216 libertabpos-
951 4155 1091 4203 incessunt.
1128 4154 1241 4205 Romani
1264 4172 1432 4220 summopere
1455 4173 1533 4208 cura-

251 4241 370 4302 terisqae
404 4254 456 4288 eor.
500 4239 540 4287 Ad
569 4240 685 4288 eundern
715 4239 864 4288 Hirschfeld
917 4239 983 4288 bunt
1000 4245 1031 4288 ut
1048 4241 1123 4302 pueri
1135 4240 1234 4289 bonurn
1248 4241 1381 4290 incessum
1395 4241 1534 4305 haberent,

250 4325 398 4387 suspicatus
421 4328 462 4372 est
485 4325 617 4386 pertinere
638 4325 749 4373 titulum
767 4324 863 4372 Puteo·
918 4325 994 4373 cuius
1017 4325 1055 4373 rei
1079 4339 1143 4373 cura
1160 4325 1290 4387 imprimis
1308 4326 1465 4389 paedagogis
1482 4327 1534 4374 im-

250 4410 341 4457 lanum
369 4408 433 4471 Eph.
460 4408 546 4472 Epigr.
564 4407 580 4457 8
598 4424 624 4457 n.
641 4406 704 4458 396:
726 4408 763 4456 Ti.
783 4407 864 4456 Claa·
918 4410 1003 4472 posita
1019 4414 1077 4458 erat
1094 4406 1138 4471 (cf.
1158 4407 1219 4458 Sen.
1236 4422 1275 4471 ep.
1293 4407 1339 4472 94,
1357 4407 1388 4472 8,
1405 4407 1440 4470 9).

249 4493 311 4542 dias
334 4492 503 4542 Athenodori
528 4494 639 4542 libertas
662 4492 792 4556 Hypiaas
810 4493 864 4540 sibi
952 4493 988 4542 De
1013 4492 1117 4542 Claudii
1139 4493 1250 4542 ridiculo
1273 4493 1378 4543 incessu
1397 4493 1429 4542 cf.
1451 4509 1472 4544 c.
1492 4493 1533 4544 30.

249 4583 275 4627 et
291 4578 416 4639 Nymplri
435 4579 546 4640 coairrpi
563 4592 635 4627 suae.
951 4573 979 4626 ἐν
1004 4581 1057 4632 τοῖς
1080 4575 1242 4632 σπουδαίοις.
1275 4579 1341 4628 haec
1363 4579 1443 4628 rerba
1464 4582 1534 4629 male

284 4663 332 4724 qai
348 4663 444 4711 vellent
461 4688 494 4696 -
512 4657 635 4726 εὐγένεια.
671 4663 743 4712 locus
761 4678 776 4712 a
794 4664 863 4726 prio·
918 4662 1040 4712 Bremius
1066 4664 1217 4726 explicavit:
1244 4664 1315 4712 inter
1340 4664 1409 4713 riros
1436 4665 1533 4714 doctos.

250 4747 324 4795 ribus
354 4747 543 4809 interpretibus
570 4748 641 4796 varie
666 4749 812 4811 explicatus
837 4754 864 4797 et
917 4748 963 4797 Est
989 4749 1073 4796 enirn:
1100 4748 1127 4796 in
1155 4748 1234 4797 rebus
1260 4748 1424 4812 gravioribus
1449 4747 1533 4813 (oppz

250 4833 409 4881 emendatus
426 4837 497 4880 recte
516 4832 623 4881 demum
637 4833 760 4897 explicari
778 4834 864 4899 potuit
918 4827 948 4880 τὰ
967 4827 1077 4897 φαῦλα).
