<?xml version="1.0" encoding="UTF-8"?>
<!DOCTYPE html PUBLIC "-//W3C//DTD XHTML 1.0 Transitional//EN"
    "http://www.w3.org/TR/xhtml1/DTD/xhtml1-transitional.dtd">
<html xmlns="http://www.w3.org/1999/xhtml" xml:lang="en" lang="en">
 <head>
  <title>
</title>
<meta http-equiv="Content-Type" content="text/html;charset=utf-8" />
  <meta name='ocr-system' content='tesseract 3.04.00' />
  <meta name='ocr-capabilities' content='ocr_page ocr_carea ocr_par ocr_line ocrx_word'/>
</head>
<body>
  <div class='ocr_page' id='page_1' title='image "./vitadiviclaudii00smilgoog_0116.png"; bbox 0 0 3322 5512; ppageno 0'>
   <div class='ocr_carea' id='block_1_1' title="bbox 643 342 680 398">
    <p class='ocr_par' dir='ltr' id='par_1_1' title="bbox 643 342 680 398">
     <span class='ocr_line' id='line_1_1' title="bbox 643 342 680 398; baseline 0 0"><span class='ocrx_word' id='word_1_1' title='bbox 643 342 680 398; x_wconf 79' lang='lat'>91</span> 
     </span>
    </p>
   </div>
   <div class='ocr_carea' id='block_1_2' title="bbox 21 524 1302 746">
    <p class='ocr_par' dir='ltr' id='par_1_2' title="bbox 21 524 1302 746">
     <span class='ocr_line' id='line_1_2' title="bbox 21 524 1300 622; baseline 0 -25"><span class='ocrx_word' id='word_1_2' title='bbox 21 525 185 599; x_wconf 82' lang='lat' dir='ltr'>missione</span> <span class='ocrx_word' id='word_1_3' title='bbox 224 526 457 622; x_wconf 86' lang='lat' dir='ltr'>operantibus.</span> <span class='ocrx_word' id='word_1_4' title='bbox 498 525 641 599; x_wconf 89' lang='lat' dir='ltr'>Portum</span> <span class='ocrx_word' id='word_1_5' title='bbox 679 524 802 599; x_wconf 81' lang='lat' dir='ltr'>Ostiae</span> <span class='ocrx_word' id='word_1_6' title='bbox 839 525 1028 617; x_wconf 81' lang='lat' dir='ltr'>exstruxit,</span> <span class='ocrx_word' id='word_1_7' title='bbox 1066 524 1300 597; x_wconf 89' lang='lat' dir='ltr'>circumducto</span> 
     </span>
     <span class='ocr_line' id='line_1_3' title="bbox 21 641 1302 746; baseline 0 -25"><span class='ocrx_word' id='word_1_8' title='bbox 21 649 145 724; x_wconf 88' lang='lat' dir='ltr'>dextra</span> <span class='ocrx_word' id='word_1_9' title='bbox 169 650 381 746; x_wconf 85' lang='lat' dir='ltr'>sinistraque</span> <span class='ocrx_word' id='word_1_10' title='bbox 407 649 567 723; x_wconf 83' lang='lat' dir='ltr'>bracchio</span> <span class='ocrx_word' id='word_1_11' title='bbox 594 658 628 723; x_wconf 92' lang='lat' dir='ltr'>et</span> <span class='ocrx_word' id='word_1_12' title='bbox 653 649 700 723; x_wconf 88' lang='lat' dir='ltr'>ad</span> <span class='ocrx_word' id='word_1_13' title='bbox 724 649 901 722; x_wconf 90' lang='lat' dir='ltr'>introitum</span> <span class='ocrx_word' id='word_1_14' title='bbox 934 649 1104 746; x_wconf 88' lang='lat' dir='ltr'>profundo</span> <span class='ocrx_word' id='word_1_15' title='bbox 1129 641 1199 721; x_wconf 87' lang='lat' dir='ltr'>iam</span> <span class='ocrx_word' id='word_1_16' title='bbox 1226 648 1302 721; x_wconf 92' lang='lat' dir='ltr'>salo</span> 
     </span>
    </p>
   </div>
   <div class='ocr_carea' id='block_1_3' title="bbox 19 799 1303 2798">
    <p class='ocr_par' dir='ltr' id='par_1_3' title="bbox 20 799 1303 2380">
     <span class='ocr_line' id='line_1_4' title="bbox 61 799 1301 880; baseline 0.002 -21"><span class='ocrx_word' id='word_1_17' title='bbox 61 801 120 860; x_wconf 85' lang='lat' dir='ltr'>Dio</span> <span class='ocrx_word' id='word_1_18' title='bbox 143 804 198 876; x_wconf 84' lang='lat'>60,</span> <span class='ocrx_word' id='word_1_19' title='bbox 223 805 268 876; x_wconf 86' lang='lat' dir='ltr'>ll,</span> <span class='ocrx_word' id='word_1_20' title='bbox 293 804 396 878; x_wconf 71' lang='lat' dir='ltr'>L’sqq.</span> <span class='ocrx_word' id='word_1_21' title='bbox 418 828 458 852; x_wconf 96' lang='lat'>=</span> <span class='ocrx_word' id='word_1_22' title='bbox 481 803 553 862; x_wconf 84' lang='lat' dir='ltr'>Zon.</span> <span class='ocrx_word' id='word_1_23' title='bbox 574 802 623 861; x_wconf 83' lang='lat' dir='ltr'>XI</span> <span class='ocrx_word' id='word_1_24' title='bbox 645 806 712 878; x_wconf 79' lang='grc' dir='ltr'><em>8ρν.</em></span> <span class='ocrx_word' id='word_1_25' title='bbox 736 805 806 862; x_wconf 80' lang='grc'>469.</span> <span class='ocrx_word' id='word_1_26' title='bbox 849 801 1021 866; x_wconf 91' lang='grc' dir='ltr'><em>ε’πεσάκτου</em></span> <span class='ocrx_word' id='word_1_27' title='bbox 1045 800 1105 880; x_wconf 75' lang='grc' dir='ltr'>γάρ</span> <span class='ocrx_word' id='word_1_28' title='bbox 1131 799 1247 871; x_wconf 79' lang='grc' dir='ltr'><em>παντὸς</em></span> <span class='ocrx_word' id='word_1_29' title='bbox 1264 800 1301 869; x_wconf 78' lang='grc' dir='ltr'>ὡς</span> 
     </span>
     <span class='ocr_line' id='line_1_5' title="bbox 22 905 1302 989; baseline 0 -19"><span class='ocrx_word' id='word_1_30' title='bbox 22 908 112 970; x_wconf 76' lang='grc' dir='ltr'><em>εἰπεῖν</em></span> <span class='ocrx_word' id='word_1_31' title='bbox 144 914 196 973; x_wconf 81' lang='grc' dir='ltr'><em>τοῦ</em></span> <span class='ocrx_word' id='word_1_32' title='bbox 228 907 310 972; x_wconf 80' lang='grc' dir='ltr'><strong><em>σίτου</em></strong></span> <span class='ocrx_word' id='word_1_33' title='bbox 341 907 499 985; x_wconf 82' lang='grc' dir='ltr'><strong><em>Ῥυμαίοις</em></strong></span> <span class='ocrx_word' id='word_1_34' title='bbox 530 906 630 982; x_wconf 79' lang='grc' dir='ltr'><em>ὄντος,</em></span> <span class='ocrx_word' id='word_1_35' title='bbox 663 910 680 983; x_wconf 95' lang='grc' dir='ltr'><strong><em>ή</em></strong></span> <span class='ocrx_word' id='word_1_36' title='bbox 712 909 798 989; x_wconf 80' lang='grc' dir='ltr'><em>χάρα</em></span> <span class='ocrx_word' id='word_1_37' title='bbox 830 911 846 983; x_wconf 87' lang='grc' dir='ltr'><strong><em>ή</em></strong></span> <span class='ocrx_word' id='word_1_38' title='bbox 880 909 952 988; x_wconf 79' lang='grc' dir='ltr'><em>πρὸς</em></span> <span class='ocrx_word' id='word_1_39' title='bbox 976 915 1046 979; x_wconf 84' lang='grc' dir='ltr'><strong><em>ταῖς</em></strong></span> <span class='ocrx_word' id='word_1_40' title='bbox 1069 915 1120 972; x_wconf 83' lang='grc' dir='ltr'><em>τοῦ</em></span> <span class='ocrx_word' id='word_1_41' title='bbox 1144 905 1302 986; x_wconf 77' lang='grc' dir='ltr'><em>Τιβέριδος</em></span> 
     </span>
     <span class='ocr_line' id='line_1_6' title="bbox 22 1011 1300 1096; baseline 0 -20"><span class='ocrx_word' id='word_1_42' title='bbox 22 1013 183 1091; x_wconf 78' lang='grc' dir='ltr'><strong><em>ἐκβολαῖς,</em></strong></span> <span class='ocrx_word' id='word_1_43' title='bbox 217 1015 284 1079; x_wconf 83' lang='grc' dir='ltr'><em>οὔτε</em></span> <span class='ocrx_word' id='word_1_44' title='bbox 314 1013 477 1094; x_wconf 82' lang='grc' dir='ltr'><em>κατάρσεις</em></span> <span class='ocrx_word' id='word_1_45' title='bbox 506 1016 664 1096; x_wconf 73' lang='grc' dir='ltr'><em>άσφιιλεῖς</em></span> <span class='ocrx_word' id='word_1_46' title='bbox 696 1015 763 1079; x_wconf 82' lang='grc' dir='ltr'><em>οὔτε</em></span> <span class='ocrx_word' id='word_1_47' title='bbox 795 1015 920 1094; x_wconf 85' lang='grc' dir='ltr'><strong><em>λιμένας</em></strong></span> <span class='ocrx_word' id='word_1_48' title='bbox 950 1014 1136 1088; x_wconf 73' lang='grc' dir='ltr'>ἐπιτηδείους</span> <span class='ocrx_word' id='word_1_49' title='bbox 1166 1011 1300 1094; x_wconf 78' lang='grc' dir='ltr'><strong><em>ἔχουσα,</em></strong></span> 
     </span>
     <span class='ocr_line' id='line_1_7' title="bbox 21 1115 1300 1203; baseline -0.001 -19"><span class='ocrx_word' id='word_1_50' title='bbox 21 1120 179 1203; x_wconf 80' lang='grc' dir='ltr'><em>άνοιφελές</em></span> <span class='ocrx_word' id='word_1_51' title='bbox 209 1128 295 1203; x_wconf 74' lang='grc' dir='ltr'><em>σφισι</em></span> <span class='ocrx_word' id='word_1_52' title='bbox 327 1120 360 1184; x_wconf 79' lang='grc' dir='ltr'><em>τὸ</em></span> <span class='ocrx_word' id='word_1_53' title='bbox 383 1121 494 1201; x_wconf 90' lang='grc' dir='ltr'><em>κράτος</em></span> <span class='ocrx_word' id='word_1_54' title='bbox 517 1128 571 1195; x_wconf 83' lang='grc' dir='ltr'>τής</span> <span class='ocrx_word' id='word_1_55' title='bbox 595 1119 762 1195; x_wconf 69' lang='grc' dir='ltr'><em>θαλάσσας</em></span> <span class='ocrx_word' id='word_1_56' title='bbox 786 1120 877 1186; x_wconf 90' lang='grc' dir='ltr'><em>ε’ποίει</em></span> <span class='ocrx_word' id='word_1_57' title='bbox 902 1141 909 1155; x_wconf 94' lang='grc'><em>·</em></span> <span class='ocrx_word' id='word_1_58' title='bbox 934 1159 979 1170; x_wconf 90' lang='grc'>-</span> <span class='ocrx_word' id='word_1_59' title='bbox 1002 1123 1083 1186; x_wconf 81' lang='grc' dir='ltr'><em>τοῦτ’</em></span> <span class='ocrx_word' id='word_1_60' title='bbox 1108 1115 1156 1184; x_wconf 80' lang='grc' dir='ltr'><em>οὖν</em></span> <span class='ocrx_word' id='word_1_61' title='bbox 1177 1120 1300 1185; x_wconf 76' lang='grc' dir='ltr'><em>,συνιδὼν</em></span> 
     </span>
     <span class='ocr_line' id='line_1_8' title="bbox 23 1226 1301 1310; baseline -0.001 -19"><span class='ocrx_word' id='word_1_62' title='bbox 23 1227 131 1305; x_wconf 78' lang='grc' dir='ltr'><strong><em>λιμένα</em></strong></span> <span class='ocrx_word' id='word_1_63' title='bbox 163 1253 197 1292; x_wconf 89' lang='grc' dir='ltr'>τε</span> <span class='ocrx_word' id='word_1_64' title='bbox 220 1228 454 1293; x_wconf 89' lang='grc' dir='ltr'><em>κατασκευάσαι</em></span> <span class='ocrx_word' id='word_1_65' title='bbox 477 1229 690 1310; x_wconf 75' lang='grc' dir='ltr'><em>ἐπεχείρησεν,</em></span> <span class='ocrx_word' id='word_1_66' title='bbox 721 1229 783 1294; x_wconf 81' lang='grc' dir='ltr'><em>οὐδ’</em></span> <span class='ocrx_word' id='word_1_67' title='bbox 806 1228 974 1309; x_wconf 84' lang='grc' dir='ltr'><em>άπετράπν</em></span> <span class='ocrx_word' id='word_1_68' title='bbox 998 1226 1106 1308; x_wconf 87' lang='grc' dir='ltr'><em>καίπερ</em></span> <span class='ocrx_word' id='word_1_69' title='bbox 1131 1232 1187 1292; x_wconf 79' lang='grc' dir='ltr'>τῶν</span> <span class='ocrx_word' id='word_1_70' title='bbox 1210 1227 1301 1307; x_wconf 84' lang='grc' dir='ltr'><em>άρχι-</em></span> 
     </span>
     <span class='ocr_line' id='line_1_9' title="bbox 21 1333 1303 1417; baseline 0.001 -19"><span class='ocrx_word' id='word_1_71' title='bbox 21 1333 164 1399; x_wconf 86' lang='grc' dir='ltr'><em>τεκτάνοιν</em></span> <span class='ocrx_word' id='word_1_72' title='bbox 195 1334 336 1400; x_wconf 73' lang='grc' dir='ltr'>εἰπόντων</span> <span class='ocrx_word' id='word_1_73' title='bbox 369 1337 468 1416; x_wconf 80' lang='grc' dir='ltr'><strong><em>αὐτῷ,</em></strong></span> <span class='ocrx_word' id='word_1_74' title='bbox 501 1335 663 1417; x_wconf 71' lang='grc' dir='ltr'><strong><em>πυθομένῳ</em></strong></span> <span class='ocrx_word' id='word_1_75' title='bbox 696 1337 786 1401; x_wconf 84' lang='grc' dir='ltr'><em>πάτον</em></span> <span class='ocrx_word' id='word_1_76' title='bbox 818 1336 852 1400; x_wconf 83' lang='grc' dir='ltr'><em>τὸ</em></span> <span class='ocrx_word' id='word_1_77' title='bbox 884 1336 1038 1413; x_wconf 88' lang='grc' dir='ltr'><em>άνάλυμα</em></span> <span class='ocrx_word' id='word_1_78' title='bbox 1064 1334 1178 1409; x_wconf 83' lang='grc' dir='ltr'><em>ἔσοιτο,</em></span> <span class='ocrx_word' id='word_1_79' title='bbox 1203 1333 1247 1400; x_wconf 85' lang='grc' dir='ltr'>άτι</span> <span class='ocrx_word' id='word_1_80' title='bbox 1271 1337 1303 1399; x_wconf 81' lang='grc' dir='ltr'>οὐ</span> 
     </span>
     <span class='ocr_line' id='line_1_10' title="bbox 21 1440 1302 1519; baseline -0.001 -14"><span class='ocrx_word' id='word_1_81' title='bbox 21 1440 122 1514; x_wconf 70' lang='grc' dir='ltr'><em>θέλεις</em></span> <span class='ocrx_word' id='word_1_82' title='bbox 152 1443 242 1507; x_wconf 80' lang='grc' dir='ltr'><strong><em>αὐτὸν</em></strong></span> <span class='ocrx_word' id='word_1_83' title='bbox 275 1451 398 1516; x_wconf 82' lang='grc' dir='ltr'><em>ποιήσαι</em></span> <span class='ocrx_word' id='word_1_84' title='bbox 423 1466 430 1481; x_wconf 89' lang='grc'><em>·</em></span> <span class='ocrx_word' id='word_1_85' title='bbox 455 1441 546 1515; x_wconf 81' lang='grc' dir='ltr'><em>οὕτως</em></span> <span class='ocrx_word' id='word_1_86' title='bbox 578 1444 635 1508; x_wconf 84' lang='grc' dir='ltr'><em>ὑπὸ</em></span> <span class='ocrx_word' id='word_1_87' title='bbox 660 1449 711 1509; x_wconf 79' lang='grc' dir='ltr'><em>τοῦ</em></span> <span class='ocrx_word' id='word_1_88' title='bbox 736 1441 877 1519; x_wconf 67' lang='grc' dir='ltr'><em>πλήθους</em></span> <span class='ocrx_word' id='word_1_89' title='bbox 901 1449 952 1508; x_wconf 82' lang='grc' dir='ltr'><em>τοῦ</em></span> <span class='ocrx_word' id='word_1_90' title='bbox 977 1443 1202 1519; x_wconf 76' lang='grc' dir='ltr'>δαπανήματος</span> <span class='ocrx_word' id='word_1_91' title='bbox 1225 1443 1302 1505; x_wconf 90' lang='grc' dir='ltr'><em>άνα-</em></span> 
     </span>
     <span class='ocr_line' id='line_1_11' title="bbox 21 1546 1302 1630; baseline -0.001 -18"><span class='ocrx_word' id='word_1_92' title='bbox 21 1546 224 1628; x_wconf 67' lang='grc' dir='ltr'><em>χαιτισθήναι</em></span> <span class='ocrx_word' id='word_1_93' title='bbox 247 1548 356 1622; x_wconf 79' lang='grc' dir='ltr'><strong><em>αὐτόν,</em></strong></span> <span class='ocrx_word' id='word_1_94' title='bbox 381 1551 405 1614; x_wconf 87' lang='grc' dir='ltr'>εί</span> <span class='ocrx_word' id='word_1_95' title='bbox 431 1548 616 1630; x_wconf 69' lang='grc' dir='ltr'><em>προπάθοιτο</em></span> <span class='ocrx_word' id='word_1_96' title='bbox 641 1550 734 1623; x_wconf 78' lang='grc' dir='ltr'><em>αὐτά,</em></span> <span class='ocrx_word' id='word_1_97' title='bbox 759 1550 894 1625; x_wconf 88' lang='grc' dir='ltr'><em>ήλπιοαν</em></span> <span class='ocrx_word' id='word_1_98' title='bbox 913 1572 919 1587; x_wconf 91' lang='grc'><strong><em>·</em></strong></span> <span class='ocrx_word' id='word_1_99' title='bbox 937 1549 1025 1613; x_wconf 84' lang='grc' dir='ltr'><em>άλλά</em></span> <span class='ocrx_word' id='word_1_100' title='bbox 1049 1549 1101 1612; x_wconf 85' lang='grc' dir='ltr'><strong><em>καί</em></strong></span> <span class='ocrx_word' id='word_1_101' title='bbox 1122 1546 1302 1627; x_wconf 64' lang='grc' dir='ltr'><strong><em>ἐνεθυμήθη</em></strong></span> 
     </span>
     <span class='ocr_line' id='line_1_12' title="bbox 25 1653 1302 1746; baseline -0.001 -28"><span class='ocrx_word' id='word_1_102' title='bbox 25 1658 161 1734; x_wconf 73' lang='grc' dir='ltr'><em>πράγμα</em></span> <span class='ocrx_word' id='word_1_103' title='bbox 193 1655 245 1746; x_wconf 72' lang='grc' dir='ltr'><em>καί</em></span> <span class='ocrx_word' id='word_1_104' title='bbox 276 1663 328 1721; x_wconf 80' lang='grc' dir='ltr'><em>τοῦ</em></span> <span class='ocrx_word' id='word_1_105' title='bbox 360 1657 556 1738; x_wconf 79' lang='grc' dir='ltr'><strong><em>Φρονήμαπος</em></strong></span> <span class='ocrx_word' id='word_1_106' title='bbox 586 1657 639 1721; x_wconf 84' lang='grc' dir='ltr'><strong><em>καί</em></strong></span> <span class='ocrx_word' id='word_1_107' title='bbox 671 1663 722 1722; x_wconf 81' lang='grc' dir='ltr'><em>τοῦ</em></span> <span class='ocrx_word' id='word_1_108' title='bbox 746 1653 903 1733; x_wconf 68' lang='grc' dir='ltr'><em>μεγέθους</em></span> <span class='ocrx_word' id='word_1_109' title='bbox 926 1662 978 1721; x_wconf 83' lang='grc' dir='ltr'><em>τοῦ</em></span> <span class='ocrx_word' id='word_1_110' title='bbox 1002 1663 1056 1729; x_wconf 86' lang='grc' dir='ltr'>τής</span> <span class='ocrx_word' id='word_1_111' title='bbox 1079 1655 1195 1732; x_wconf 69' lang='grc' dir='ltr'><em>Ῥάμνον</em></span> <span class='ocrx_word' id='word_1_112' title='bbox 1218 1653 1302 1738; x_wconf 77' lang='grc' dir='ltr'><em>ἄξιον</em></span> 
     </span>
     <span class='ocr_line' id='line_1_13' title="bbox 20 1761 1301 1847; baseline -0.001 -21"><span class='ocrx_word' id='word_1_113' title='bbox 20 1763 72 1827; x_wconf 83' lang='grc' dir='ltr'><strong><em>καί</em></strong></span> <span class='ocrx_word' id='word_1_114' title='bbox 105 1762 279 1830; x_wconf 81' lang='grc' dir='ltr'>ἐπετέλεσε.</span> <span class='ocrx_word' id='word_1_115' title='bbox 308 1769 394 1829; x_wconf 81' lang='grc' dir='ltr'><em>τοῦτο</em></span> <span class='ocrx_word' id='word_1_116' title='bbox 419 1764 475 1841; x_wconf 82' lang='grc' dir='ltr'>μὲν</span> <span class='ocrx_word' id='word_1_117' title='bbox 499 1763 560 1843; x_wconf 79' lang='grc' dir='ltr'>γάρ</span> <span class='ocrx_word' id='word_1_118' title='bbox 585 1764 729 1847; x_wconf 78' lang='grc' dir='ltr'><strong><em>ἐξορύξας</em></strong></span> <span class='ocrx_word' id='word_1_119' title='bbox 753 1770 806 1837; x_wconf 83' lang='grc' dir='ltr'>τής</span> <span class='ocrx_word' id='word_1_120' title='bbox 830 1762 950 1842; x_wconf 86' lang='grc' dir='ltr'><em>ήπείρου</em></span> <span class='ocrx_word' id='word_1_121' title='bbox 974 1763 1080 1843; x_wconf 79' lang='grc' dir='ltr'><em>χοιρίον</em></span> <span class='ocrx_word' id='word_1_122' title='bbox 1106 1764 1138 1826; x_wconf 79' lang='grc' dir='ltr'>οὐ</span> <span class='ocrx_word' id='word_1_123' title='bbox 1162 1761 1301 1843; x_wconf 86' lang='grc' dir='ltr'><em>σμικράν,</em></span> 
     </span>
     <span class='ocr_line' id='line_1_14' title="bbox 20 1869 1301 1952; baseline 0.002 -19"><span class='ocrx_word' id='word_1_124' title='bbox 20 1869 51 1933; x_wconf 80' lang='grc' dir='ltr'><em>τὸ</em></span> <span class='ocrx_word' id='word_1_125' title='bbox 85 1869 173 1952; x_wconf 78' lang='grc' dir='ltr'><em>πέριξ</em></span> <span class='ocrx_word' id='word_1_126' title='bbox 199 1873 262 1934; x_wconf 82' lang='grc' dir='ltr'>πάν</span> <span class='ocrx_word' id='word_1_127' title='bbox 286 1870 473 1949; x_wconf 79' lang='grc' dir='ltr'><em>ε’κρήπίδονοε</em></span> <span class='ocrx_word' id='word_1_128' title='bbox 495 1870 547 1935; x_wconf 81' lang='grc' dir='ltr'><strong><em>καί</em></strong></span> <span class='ocrx_word' id='word_1_129' title='bbox 571 1871 624 1944; x_wconf 87' lang='grc' dir='ltr'><strong><em>τήν</em></strong></span> <span class='ocrx_word' id='word_1_130' title='bbox 648 1869 818 1935; x_wconf 64' lang='grc' dir='ltr'><em>θάλασσαν</em></span> <span class='ocrx_word' id='word_1_131' title='bbox 843 1870 873 1940; x_wconf 83' lang='grc' dir='ltr'>ἐς</span> <span class='ocrx_word' id='word_1_132' title='bbox 897 1869 1157 1952; x_wconf 70' lang='grc' dir='ltr'><em>αὐτάὲσεδέξατο</em></span> <span class='ocrx_word' id='word_1_133' title='bbox 1184 1894 1191 1907; x_wconf 87' lang='grc'><em>·</em></span> <span class='ocrx_word' id='word_1_134' title='bbox 1215 1876 1301 1935; x_wconf 83' lang='grc' dir='ltr'><em>τοῦτο</em></span> 
     </span>
     <span class='ocr_line' id='line_1_15' title="bbox 20 1974 1303 2058; baseline 0.006 -20"><span class='ocrx_word' id='word_1_135' title='bbox 20 1976 50 2038; x_wconf 76' lang='grc' dir='ltr'>δὲ</span> <span class='ocrx_word' id='word_1_136' title='bbox 86 1976 115 2038; x_wconf 81' lang='grc' dir='ltr'><strong><em>ἐν</em></strong></span> <span class='ocrx_word' id='word_1_137' title='bbox 151 1977 233 2056; x_wconf 76' lang='grc' dir='ltr'><strong><em>αὐτῷ</em></strong></span> <span class='ocrx_word' id='word_1_138' title='bbox 270 1977 310 2056; x_wconf 82' lang='grc' dir='ltr'><em>τῷ</em></span> <span class='ocrx_word' id='word_1_139' title='bbox 347 1976 482 2053; x_wconf 76' lang='grc' dir='ltr'><em>πελάγει</em></span> <span class='ocrx_word' id='word_1_140' title='bbox 514 1977 653 2058; x_wconf 80' lang='grc' dir='ltr'><strong><em>χώματα</em></strong></span> <span class='ocrx_word' id='word_1_141' title='bbox 686 1974 875 2056; x_wconf 70' lang='grc' dir='ltr'><em>ἑκατέρωθεν</em></span> <span class='ocrx_word' id='word_1_142' title='bbox 907 1977 1000 2041; x_wconf 80' lang='grc' dir='ltr'><strong><em>αὐτοῦ</em></strong></span> <span class='ocrx_word' id='word_1_143' title='bbox 1031 1976 1164 2053; x_wconf 74' lang='grc' dir='ltr'><em>μεγάλα</em></span> <span class='ocrx_word' id='word_1_144' title='bbox 1196 1977 1303 2057; x_wconf 68' lang='grc' dir='ltr'><em>χάταε</em></span> 
     </span>
     <span class='ocr_line' id='line_1_16' title="bbox 20 2079 1303 2164; baseline 0.001 -19"><span class='ocrx_word' id='word_1_145' title='bbox 20 2079 189 2146; x_wconf 69' lang='grc' dir='ltr'><em>θάλασσαν</em></span> <span class='ocrx_word' id='word_1_146' title='bbox 218 2080 354 2147; x_wconf 69' lang='grc' dir='ltr'><strong><em>ἐνταῦθα</em></strong></span> <span class='ocrx_word' id='word_1_147' title='bbox 387 2084 506 2158; x_wconf 84' lang='grc' dir='ltr'><em>πολλήν</em></span> <span class='ocrx_word' id='word_1_148' title='bbox 540 2082 724 2164; x_wconf 79' lang='grc' dir='ltr'><em>περιέβαλε,</em></span> <span class='ocrx_word' id='word_1_149' title='bbox 757 2082 809 2147; x_wconf 84' lang='grc' dir='ltr'><strong><em>καί</em></strong></span> <span class='ocrx_word' id='word_1_150' title='bbox 841 2089 925 2156; x_wconf 84' lang='grc' dir='ltr'><em>νήτον</em></span> <span class='ocrx_word' id='word_1_151' title='bbox 957 2083 986 2145; x_wconf 82' lang='grc' dir='ltr'><strong><em>ἐν</em></strong></span> <span class='ocrx_word' id='word_1_152' title='bbox 1017 2084 1096 2163; x_wconf 80' lang='grc' dir='ltr'><strong><em>αὐτή</em></strong></span> <span class='ocrx_word' id='word_1_153' title='bbox 1131 2083 1244 2162; x_wconf 78' lang='grc' dir='ltr'><em>πύργον</em></span> <span class='ocrx_word' id='word_1_154' title='bbox 1268 2106 1303 2147; x_wconf 89' lang='grc' dir='ltr'>τε</span> 
     </span>
     <span class='ocr_line' id='line_1_17' title="bbox 20 2183 1301 2271; baseline 0.001 -19"><span class='ocrx_word' id='word_1_155' title='bbox 20 2189 69 2252; x_wconf 83' lang='grc' dir='ltr'><em>ἐπ’</em></span> <span class='ocrx_word' id='word_1_156' title='bbox 94 2188 190 2269; x_wconf 79' lang='grc' dir='ltr'><em>ἕκείνρ</em></span> <span class='ocrx_word' id='word_1_157' title='bbox 215 2189 405 2271; x_wconf 79' lang='grc' dir='ltr'><em>Φρυκτυρίαν</em></span> <span class='ocrx_word' id='word_1_158' title='bbox 431 2188 548 2270; x_wconf 79' lang='grc' dir='ltr'><strong><em>ἔχοντα</em></strong></span> <span class='ocrx_word' id='word_1_159' title='bbox 573 2191 786 2263; x_wconf 71' lang='grc' dir='ltr'>κατεστήσατο</span> <span class='ocrx_word' id='word_1_160' title='bbox 811 2240 818 2254; x_wconf 89' lang='grc'><strong>.</strong></span> <span class='ocrx_word' id='word_1_161' title='bbox 843 2191 856 2253; x_wconf 84' lang='grc' dir='ltr'>ὁ</span> <span class='ocrx_word' id='word_1_162' title='bbox 879 2190 936 2267; x_wconf 77' lang='grc' dir='ltr'>μὲν</span> <span class='ocrx_word' id='word_1_163' title='bbox 962 2183 1008 2253; x_wconf 82' lang='grc' dir='ltr'><strong><em>οὖν</em></strong></span> <span class='ocrx_word' id='word_1_164' title='bbox 1034 2190 1125 2268; x_wconf 83' lang='grc' dir='ltr'><strong><em>λιμήν</em></strong></span> <span class='ocrx_word' id='word_1_165' title='bbox 1150 2191 1162 2253; x_wconf 81' lang='grc' dir='ltr'><em>ὁ</em></span> <span class='ocrx_word' id='word_1_166' title='bbox 1186 2190 1239 2254; x_wconf 81' lang='grc' dir='ltr'><strong><em>καί</em></strong></span> <span class='ocrx_word' id='word_1_167' title='bbox 1253 2196 1301 2255; x_wconf 81' lang='grc' dir='ltr'>νῦν</span> 
     </span>
     <span class='ocr_line' id='line_1_18' title="bbox 22 2293 1223 2380; baseline 0.002 -23"><span class='ocrx_word' id='word_1_168' title='bbox 22 2293 95 2358; x_wconf 77' lang='grc' dir='ltr'><em>οἷίτυ</em></span> <span class='ocrx_word' id='word_1_169' title='bbox 118 2295 202 2360; x_wconf 87' lang='grc' dir='ltr'><em>κατά</em></span> <span class='ocrx_word' id='word_1_170' title='bbox 228 2318 266 2371; x_wconf 76' lang='grc' dir='ltr'>γε</span> <span class='ocrx_word' id='word_1_171' title='bbox 290 2297 323 2359; x_wconf 82' lang='grc' dir='ltr'><em>τὸ</em></span> <span class='ocrx_word' id='word_1_172' title='bbox 348 2296 507 2377; x_wconf 80' lang='grc' dir='ltr'><em>ἐπιχάριον</em></span> <span class='ocrx_word' id='word_1_173' title='bbox 533 2294 755 2380; x_wconf 78' lang='grc' dir='ltr'><strong><em>ὀνομαζόμενος</em></strong></span> <span class='ocrx_word' id='word_1_174' title='bbox 779 2297 831 2360; x_wconf 83' lang='grc' dir='ltr'><em>ὑπ’</em></span> <span class='ocrx_word' id='word_1_175' title='bbox 856 2294 966 2359; x_wconf 82' lang='grc' dir='ltr'><em>ἐκείνου</em></span> <span class='ocrx_word' id='word_1_176' title='bbox 991 2295 1059 2360; x_wconf 83' lang='grc' dir='ltr'><em>τότε</em></span> <span class='ocrx_word' id='word_1_177' title='bbox 1082 2294 1223 2372; x_wconf 64' lang='grc' dir='ltr'><em>ε’ποιήθή.</em></span> 
     </span>
    </p>

    <p class='ocr_par' dir='ltr' id='par_1_4' title="bbox 58 2401 1118 2480">
     <span class='ocr_line' id='line_1_19' title="bbox 58 2401 1118 2480; baseline 0.003 -21"><span class='ocrx_word' id='word_1_178' title='bbox 58 2402 137 2461; x_wconf 85' lang='lat' dir='ltr'>Ptin.</span> <span class='ocrx_word' id='word_1_179' title='bbox 160 2403 197 2461; x_wconf 90' lang='lat' dir='ltr'>H.</span> <span class='ocrx_word' id='word_1_180' title='bbox 219 2403 257 2461; x_wconf 90' lang='grc' dir='ltr'>Ν.</span> <span class='ocrx_word' id='word_1_181' title='bbox 280 2405 337 2477; x_wconf 83' lang='grc'>36,</span> <span class='ocrx_word' id='word_1_182' title='bbox 359 2406 429 2463; x_wconf 80' lang='grc'>125.</span> <span class='ocrx_word' id='word_1_183' title='bbox 470 2423 540 2462; x_wconf 89' lang='lat' dir='ltr'>nam</span> <span class='ocrx_word' id='word_1_184' title='bbox 560 2410 665 2480; x_wconf 89' lang='lat' dir='ltr'>portus</span> <span class='ocrx_word' id='word_1_185' title='bbox 687 2401 835 2463; x_wconf 84' lang='lat' dir='ltr'>Ostiensis</span> <span class='ocrx_word' id='word_1_186' title='bbox 857 2421 933 2480; x_wconf 90' lang='lat' dir='ltr'>opus</span> <span class='ocrx_word' id='word_1_187' title='bbox 954 2408 1118 2480; x_wconf 87' lang='lat' dir='ltr'>praetereo.</span> 
     </span>
    </p>

    <p class='ocr_par' dir='ltr' id='par_1_5' title="bbox 19 2508 1302 2798">
     <span class='ocr_line' id='line_1_20' title="bbox 62 2508 1302 2588; baseline 0.002 -21"><span class='ocrx_word' id='word_1_188' title='bbox 62 2509 201 2568; x_wconf 79' lang='lat' dir='ltr'>Plinii.</span> <span class='ocrx_word' id='word_1_189' title='bbox 224 2511 262 2568; x_wconf 93' lang='lat' dir='ltr'>N.</span> <span class='ocrx_word' id='word_1_190' title='bbox 285 2513 318 2579; x_wconf 84' lang='lat'>9,</span> <span class='ocrx_word' id='word_1_191' title='bbox 341 2512 384 2570; x_wconf 73' lang='lat'>14.</span> <span class='ocrx_word' id='word_1_192' title='bbox 427 2509 502 2570; x_wconf 88' lang='lat' dir='ltr'>Orca</span> <span class='ocrx_word' id='word_1_193' title='bbox 531 2516 561 2571; x_wconf 92' lang='lat' dir='ltr'>et</span> <span class='ocrx_word' id='word_1_194' title='bbox 588 2511 620 2569; x_wconf 89' lang='lat' dir='ltr'>in</span> <span class='ocrx_word' id='word_1_195' title='bbox 647 2517 737 2587; x_wconf 90' lang='lat' dir='ltr'>portu</span> <span class='ocrx_word' id='word_1_196' title='bbox 765 2508 898 2569; x_wconf 87' lang='lat' dir='ltr'>Ostiensi</span> <span class='ocrx_word' id='word_1_197' title='bbox 918 2510 983 2569; x_wconf 86' lang='lat' dir='ltr'>visa</span> <span class='ocrx_word' id='word_1_198' title='bbox 1004 2515 1064 2583; x_wconf 88' lang='lat' dir='ltr'>est,</span> <span class='ocrx_word' id='word_1_199' title='bbox 1094 2517 1302 2588; x_wconf 80' lang='lat' dir='ltr'>oppugnatae</span> 
     </span>
     <span class='ocr_line' id='line_1_21' title="bbox 21 2615 1301 2694; baseline 0.002 -20"><span class='ocrx_word' id='word_1_200' title='bbox 21 2615 145 2675; x_wconf 79' lang='lat' dir='ltr'>Claudio</span> <span class='ocrx_word' id='word_1_201' title='bbox 168 2617 311 2693; x_wconf 87' lang='lat' dir='ltr'>principe.</span> <span class='ocrx_word' id='word_1_202' title='bbox 332 2617 464 2677; x_wconf 82' lang='lat' dir='ltr'>Venerat</span> <span class='ocrx_word' id='word_1_203' title='bbox 484 2627 548 2676; x_wconf 92' lang='lat' dir='ltr'>tum</span> <span class='ocrx_word' id='word_1_204' title='bbox 570 2617 786 2677; x_wconf 85' lang='lat' dir='ltr'>exaedificante</span> <span class='ocrx_word' id='word_1_205' title='bbox 807 2635 842 2676; x_wconf 90' lang='lat' dir='ltr'>eo</span> <span class='ocrx_word' id='word_1_206' title='bbox 863 2623 983 2694; x_wconf 90' lang='lat' dir='ltr'>portum</span> <span class='ocrx_word' id='word_1_207' title='bbox 999 2617 1125 2676; x_wconf 83' lang='lat' dir='ltr'>invitata</span> <span class='ocrx_word' id='word_1_208' title='bbox 1138 2617 1301 2693; x_wconf 75' lang='lat' dir='ltr'>antriregiis</span> 
     </span>
     <span class='ocr_line' id='line_1_22' title="bbox 19 2723 550 2798; baseline 0.006 -17"><span class='ocrx_word' id='word_1_209' title='bbox 19 2729 171 2798; x_wconf 82' lang='lat' dir='ltr'>tergorum</span> <span class='ocrx_word' id='word_1_210' title='bbox 192 2724 383 2784; x_wconf 86' lang='lat' dir='ltr'>advectorum</span> <span class='ocrx_word' id='word_1_211' title='bbox 406 2744 422 2784; x_wconf 88' lang='lat' dir='ltr'>e</span> <span class='ocrx_word' id='word_1_212' title='bbox 444 2723 550 2784; x_wconf 82' lang='lat' dir='ltr'>Gallia.</span> 
     </span>
    </p>
   </div>
   <div class='ocr_carea' id='block_1_4' title="bbox 18 2886 1300 2952">
    <p class='ocr_par' dir='ltr' id='par_1_6' title="bbox 18 2886 1300 2952">
     <span class='ocr_line' id='line_1_23' title="bbox 18 2886 1300 2952; baseline 0.001 -17"><span class='ocrx_word' id='word_1_213' title='bbox 18 2887 118 2935; x_wconf 85' lang='lat' dir='ltr'>lectum</span> <span class='ocrx_word' id='word_1_214' title='bbox 135 2886 171 2938; x_wconf 88' lang='lat' dir='ltr'>sit</span> <span class='ocrx_word' id='word_1_215' title='bbox 188 2889 280 2936; x_wconf 90' lang='lat' dir='ltr'>nullus</span> <span class='ocrx_word' id='word_1_216' title='bbox 297 2888 407 2950; x_wconf 87' lang='lat' dir='ltr'>scriptor</span> <span class='ocrx_word' id='word_1_217' title='bbox 422 2889 519 2937; x_wconf 83' lang='lat' dir='ltr'>diserte</span> <span class='ocrx_word' id='word_1_218' title='bbox 532 2893 632 2938; x_wconf 90' lang='lat' dir='ltr'>narrat.</span> <span class='ocrx_word' id='word_1_219' title='bbox 720 2889 837 2937; x_wconf 80' lang='lat' dir='ltr'>Portum</span> <span class='ocrx_word' id='word_1_220' title='bbox 864 2889 960 2938; x_wconf 84' lang='lat' dir='ltr'>Ostiae.</span> <span class='ocrx_word' id='word_1_221' title='bbox 995 2889 1083 2952; x_wconf 88' lang='lat' dir='ltr'>qualis</span> <span class='ocrx_word' id='word_1_222' title='bbox 1113 2894 1175 2938; x_wconf 86' lang='lat' dir='ltr'>ante</span> <span class='ocrx_word' id='word_1_223' title='bbox 1202 2904 1300 2937; x_wconf 91' lang='lat' dir='ltr'>novum</span> 
     </span>
    </p>
   </div>
   <div class='ocr_carea' id='block_1_5' title="bbox 15 2970 632 4896">
    <p class='ocr_par' dir='ltr' id='par_1_7' title="bbox 17 2970 632 4054">
     <span class='ocr_line' id='line_1_24' title="bbox 17 2970 632 3036; baseline 0.002 -16"><span class='ocrx_word' id='word_1_224' title='bbox 17 2971 123 3020; x_wconf 78' lang='lat' dir='ltr'>Tacitus</span> <span class='ocrx_word' id='word_1_225' title='bbox 148 2976 240 3021; x_wconf 88' lang='lat' dir='ltr'>autem</span> <span class='ocrx_word' id='word_1_226' title='bbox 257 2971 285 3034; x_wconf 88' lang='lat' dir='ltr'>(l.</span> <span class='ocrx_word' id='word_1_227' title='bbox 304 2971 333 3035; x_wconf 89' lang='lat' dir='ltr'>l.)</span> <span class='ocrx_word' id='word_1_228' title='bbox 350 2973 421 3022; x_wconf 84' lang='lat' dir='ltr'>inter</span> <span class='ocrx_word' id='word_1_229' title='bbox 438 2987 480 3022; x_wconf 84' lang='lat' dir='ltr'>res</span> <span class='ocrx_word' id='word_1_230' title='bbox 498 2988 521 3023; x_wconf 86' lang='lat' dir='ltr'>a.</span> <span class='ocrx_word' id='word_1_231' title='bbox 540 2970 632 3036; x_wconf 68' lang='lat' dir='ltr'>soalon</span> 
     </span>
     <span class='ocr_line' id='line_1_25' title="bbox 18 3056 631 3108; baseline 0.003 -3"><span class='ocrx_word' id='word_1_232' title='bbox 18 3061 45 3105; x_wconf 88' lang='lat' dir='ltr'>et</span> <span class='ocrx_word' id='word_1_233' title='bbox 69 3056 256 3105; x_wconf 86' lang='lat' dir='ltr'>naumachiam</span> <span class='ocrx_word' id='word_1_234' title='bbox 282 3063 310 3105; x_wconf 87' lang='lat' dir='ltr'>et</span> <span class='ocrx_word' id='word_1_235' title='bbox 325 3057 474 3106; x_wconf 85' lang='lat' dir='ltr'>convivium</span> <span class='ocrx_word' id='word_1_236' title='bbox 494 3062 631 3108; x_wconf 84' lang='lat' dir='ltr'>memorat.</span> 
     </span>
     <span class='ocr_line' id='line_1_26' title="bbox 18 3140 631 3206; baseline 0.003 -16"><span class='ocrx_word' id='word_1_237' title='bbox 18 3143 104 3201; x_wconf 82' lang='lat' dir='ltr'>Quare</span> <span class='ocrx_word' id='word_1_238' title='bbox 122 3141 293 3204; x_wconf 83' lang='lat' dir='ltr'>Nipp.-Andr·.</span> <span class='ocrx_word' id='word_1_239' title='bbox 311 3141 354 3205; x_wconf 87' lang='lat' dir='ltr'>(ad</span> <span class='ocrx_word' id='word_1_240' title='bbox 373 3141 416 3206; x_wconf 76' lang='lat' dir='ltr'>l),</span> <span class='ocrx_word' id='word_1_241' title='bbox 434 3140 504 3192; x_wconf 77' lang='lat' dir='ltr'>&#39;cum</span> <span class='ocrx_word' id='word_1_242' title='bbox 528 3146 631 3192; x_wconf 87' lang='lat' dir='ltr'>eertum</span> 
     </span>
     <span class='ocr_line' id='line_1_27' title="bbox 18 3228 632 3290; baseline 0.002 -14"><span class='ocrx_word' id='word_1_243' title='bbox 18 3228 52 3276; x_wconf 90' lang='lat' dir='ltr'>sit</span> <span class='ocrx_word' id='word_1_244' title='bbox 76 3228 147 3276; x_wconf 87' lang='lat' dir='ltr'>inter</span> <span class='ocrx_word' id='word_1_245' title='bbox 169 3229 296 3290; x_wconf 86' lang='lat' dir='ltr'>proelium</span> <span class='ocrx_word' id='word_1_246' title='bbox 320 3230 413 3278; x_wconf 86' lang='lat' dir='ltr'>navale</span> <span class='ocrx_word' id='word_1_247' title='bbox 438 3233 466 3278; x_wconf 86' lang='lat' dir='ltr'>et</span> <span class='ocrx_word' id='word_1_248' title='bbox 483 3229 632 3278; x_wconf 86' lang='lat' dir='ltr'>convivium</span> 
     </span>
     <span class='ocr_line' id='line_1_28' title="bbox 18 3312 632 3376; baseline 0.005 -16"><span class='ocrx_word' id='word_1_249' title='bbox 18 3312 124 3376; x_wconf 87' lang='lat' dir='ltr'>aliquod</span> <span class='ocrx_word' id='word_1_250' title='bbox 168 3313 284 3376; x_wconf 90' lang='lat' dir='ltr'>spatium</span> <span class='ocrx_word' id='word_1_251' title='bbox 325 3314 495 3363; x_wconf 81' lang='lat' dir='ltr'>interiectum</span> <span class='ocrx_word' id='word_1_252' title='bbox 537 3314 632 3376; x_wconf 86' lang='lat' dir='ltr'>fuisse,</span> 
     </span>
     <span class='ocr_line' id='line_1_29' title="bbox 19 3398 632 3462; baseline 0.003 -18"><span class='ocrx_word' id='word_1_253' title='bbox 19 3402 49 3445; x_wconf 89' lang='lat' dir='ltr'>ut</span> <span class='ocrx_word' id='word_1_254' title='bbox 73 3412 167 3460; x_wconf 86' lang='lat' dir='ltr'>specus</span> <span class='ocrx_word' id='word_1_255' title='bbox 192 3398 274 3447; x_wconf 86' lang='lat' dir='ltr'>altius</span> <span class='ocrx_word' id='word_1_256' title='bbox 299 3399 494 3462; x_wconf 70' lang='lat' dir='ltr'>enodarentur,</span> <span class='ocrx_word' id='word_1_257' title='bbox 521 3412 632 3447; x_wconf 91' lang='lat' dir='ltr'>nauma-</span> 
     </span>
     <span class='ocr_line' id='line_1_30' title="bbox 17 3479 631 3547; baseline 0.002 -17"><span class='ocrx_word' id='word_1_258' title='bbox 17 3481 104 3530; x_wconf 84' lang='lat' dir='ltr'>chiam</span> <span class='ocrx_word' id='word_1_259' title='bbox 130 3496 154 3530; x_wconf 89' lang='lat' dir='ltr'>a.</span> <span class='ocrx_word' id='word_1_260' title='bbox 179 3479 269 3545; x_wconf 84' lang='grc'>804151</span> <span class='ocrx_word' id='word_1_261' title='bbox 297 3484 396 3532; x_wconf 87' lang='lat' dir='ltr'>editam</span> <span class='ocrx_word' id='word_1_262' title='bbox 421 3498 491 3547; x_wconf 82' lang='lat' dir='ltr'>esse,</span> <span class='ocrx_word' id='word_1_263' title='bbox 520 3498 586 3546; x_wconf 88' lang='lat' dir='ltr'>opus</span> <span class='ocrx_word' id='word_1_264' title='bbox 609 3497 631 3531; x_wconf 89' lang='lat' dir='ltr'>a.</span> 
     </span>
     <span class='ocr_line' id='line_1_31' title="bbox 17 3564 629 3631; baseline 0.005 -18"><span class='ocrx_word' id='word_1_265' title='bbox 17 3566 126 3615; x_wconf 90' lang='lat' dir='ltr'>demum</span> <span class='ocrx_word' id='word_1_266' title='bbox 143 3564 237 3628; x_wconf 69' lang='lat' dir='ltr'>805l52</span> <span class='ocrx_word' id='word_1_267' title='bbox 249 3568 396 3630; x_wconf 84' lang='lat' dir='ltr'>perlectum</span> <span class='ocrx_word' id='word_1_268' title='bbox 407 3569 498 3631; x_wconf 87' lang='lat' dir='ltr'>itaque</span> <span class='ocrx_word' id='word_1_269' title='bbox 508 3583 530 3617; x_wconf 89' lang='lat' dir='ltr'>a.</span> <span class='ocrx_word' id='word_1_270' title='bbox 541 3564 629 3629; x_wconf 75' lang='grc'>794141</span> 
     </span>
     <span class='ocr_line' id='line_1_32' title="bbox 17 3651 631 3713; baseline 0.003 -15"><span class='ocrx_word' id='word_1_271' title='bbox 17 3654 140 3713; x_wconf 88' lang='lat' dir='ltr'>coeptum</span> <span class='ocrx_word' id='word_1_272' title='bbox 163 3651 245 3700; x_wconf 87' lang='lat' dir='ltr'>fnisse</span> <span class='ocrx_word' id='word_1_273' title='bbox 263 3657 414 3701; x_wconf 87' lang='lat' dir='ltr'>autumant.</span> <span class='ocrx_word' id='word_1_274' title='bbox 437 3652 488 3701; x_wconf 87' lang='lat' dir='ltr'>Sed</span> <span class='ocrx_word' id='word_1_275' title='bbox 506 3667 566 3700; x_wconf 92' lang='lat' dir='ltr'>cum</span> <span class='ocrx_word' id='word_1_276' title='bbox 585 3651 631 3701; x_wconf 80' lang='lat' dir='ltr'>Dio</span> 
     </span>
     <span class='ocr_line' id='line_1_33' title="bbox 18 3733 631 3800; baseline 0.002 -17"><span class='ocrx_word' id='word_1_277' title='bbox 18 3733 74 3796; x_wconf 78' lang='grc'>160,</span> <span class='ocrx_word' id='word_1_278' title='bbox 91 3733 138 3796; x_wconf 85' lang='lat' dir='ltr'>ll,</span> <span class='ocrx_word' id='word_1_279' title='bbox 156 3735 180 3794; x_wconf 88' lang='lat'>5)</span> <span class='ocrx_word' id='word_1_280' title='bbox 200 3735 297 3785; x_wconf 83' lang='lat' dir='ltr'>diserte</span> <span class='ocrx_word' id='word_1_281' title='bbox 314 3737 403 3785; x_wconf 89' lang='lat' dir='ltr'>tradat</span> <span class='ocrx_word' id='word_1_282' title='bbox 419 3752 485 3799; x_wconf 89' lang='lat' dir='ltr'>opus</span> <span class='ocrx_word' id='word_1_283' title='bbox 504 3751 528 3786; x_wconf 91' lang='lat' dir='ltr'>a.</span> <span class='ocrx_word' id='word_1_284' title='bbox 540 3734 631 3800; x_wconf 73' lang='lat' dir='ltr'>rossan</span> 
     </span>
     <span class='ocr_line' id='line_1_34' title="bbox 19 3819 630 3884; baseline 0.003 -16"><span class='ocrx_word' id='word_1_285' title='bbox 19 3819 74 3868; x_wconf 83' lang='lat' dir='ltr'>fieri</span> <span class='ocrx_word' id='word_1_286' title='bbox 87 3825 210 3883; x_wconf 87' lang='lat' dir='ltr'>coeptum</span> <span class='ocrx_word' id='word_1_287' title='bbox 219 3835 277 3870; x_wconf 83' lang='lat' dir='ltr'>esse</span> <span class='ocrx_word' id='word_1_288' title='bbox 286 3822 352 3870; x_wconf 85' lang='lat' dir='ltr'>nihil</span> <span class='ocrx_word' id='word_1_289' title='bbox 363 3822 467 3871; x_wconf 86' lang='lat' dir='ltr'>obstare</span> <span class='ocrx_word' id='word_1_290' title='bbox 477 3822 553 3871; x_wconf 87' lang='lat' dir='ltr'>credo</span> <span class='ocrx_word' id='word_1_291' title='bbox 563 3835 630 3884; x_wconf 91' lang='lat' dir='ltr'>quo-</span> 
     </span>
     <span class='ocr_line' id='line_1_35' title="bbox 17 3904 630 3970; baseline 0.007 -19"><span class='ocrx_word' id='word_1_292' title='bbox 17 3904 107 3952; x_wconf 91' lang='lat' dir='ltr'>minus</span> <span class='ocrx_word' id='word_1_293' title='bbox 138 3907 327 3955; x_wconf 79' lang='lat' dir='ltr'>naumachiam</span> <span class='ocrx_word' id='word_1_294' title='bbox 358 3917 392 3956; x_wconf 66' lang='lat' dir='ltr'>a.</span> <span class='ocrx_word' id='word_1_295' title='bbox 414 3905 506 3970; x_wconf 72' lang='lat' dir='ltr'>805l52</span> <span class='ocrx_word' id='word_1_296' title='bbox 532 3905 630 3955; x_wconf 86' lang='lat' dir='ltr'>editam</span> 
     </span>
     <span class='ocr_line' id='line_1_36' title="bbox 17 3986 630 4054; baseline 0.005 -18"><span class='ocrx_word' id='word_1_297' title='bbox 17 4002 136 4051; x_wconf 87' lang='lat' dir='ltr'>opusque</span> <span class='ocrx_word' id='word_1_298' title='bbox 143 4003 165 4038; x_wconf 88' lang='lat' dir='ltr'>a.</span> <span class='ocrx_word' id='word_1_299' title='bbox 171 3986 264 4052; x_wconf 82' lang='grc'>806153</span> <span class='ocrx_word' id='word_1_300' title='bbox 274 3991 421 4052; x_wconf 87' lang='lat' dir='ltr'>perfectum</span> <span class='ocrx_word' id='word_1_301' title='bbox 431 4005 487 4040; x_wconf 85' lang='lat' dir='ltr'>esse</span> <span class='ocrx_word' id='word_1_302' title='bbox 498 3995 630 4054; x_wconf 85' lang='lat' dir='ltr'>putemus.</span> 
     </span>
    </p>

    <p class='ocr_par' dir='ltr' id='par_1_8' title="bbox 15 4070 631 4896">
     <span class='ocr_line' id='line_1_37' title="bbox 51 4070 630 4138; baseline 0.003 -18"><span class='ocrx_word' id='word_1_303' title='bbox 51 4070 86 4135; x_wconf 90' lang='lat' dir='ltr'>[p.</span> <span class='ocrx_word' id='word_1_304' title='bbox 105 4071 149 4134; x_wconf 86' lang='lat'>90]</span> <span class='ocrx_word' id='word_1_305' title='bbox 170 4076 313 4124; x_wconf 80' lang='lat' dir='ltr'>continuis.</span> <span class='ocrx_word' id='word_1_306' title='bbox 333 4076 399 4124; x_wconf 88' lang='lat' dir='ltr'>mira</span> <span class='ocrx_word' id='word_1_307' title='bbox 419 4075 526 4138; x_wconf 83' lang='lat' dir='ltr'>locutio,</span> <span class='ocrx_word' id='word_1_308' title='bbox 548 4090 630 4138; x_wconf 87' lang='lat' dir='ltr'>quam</span> 
     </span>
     <span class='ocr_line' id='line_1_38' title="bbox 18 4158 631 4222; baseline 0.005 -17"><span class='ocrx_word' id='word_1_309' title='bbox 18 4172 68 4207; x_wconf 91' lang='lat' dir='ltr'>non</span> <span class='ocrx_word' id='word_1_310' title='bbox 77 4173 140 4207; x_wconf 89' lang='lat' dir='ltr'>cum</span> <span class='ocrx_word' id='word_1_311' title='bbox 147 4158 267 4208; x_wconf 87' lang='lat' dir='ltr'>Ernestio</span> <span class='ocrx_word' id='word_1_312' title='bbox 276 4159 475 4221; x_wconf 84' lang='lat' dir='ltr'>explicaverim:</span> <span class='ocrx_word' id='word_1_313' title='bbox 485 4173 631 4222; x_wconf 83' lang='lat' dir='ltr'>„numerus</span> 
     </span>
     <span class='ocr_line' id='line_1_39' title="bbox 16 4243 631 4306; baseline 0.005 -16"><span class='ocrx_word' id='word_1_314' title='bbox 16 4257 157 4304; x_wconf 84' lang='lat' dir='ltr'>operarum</span> <span class='ocrx_word' id='word_1_315' title='bbox 174 4243 245 4292; x_wconf 88' lang='lat' dir='ltr'>idem</span> <span class='ocrx_word' id='word_1_316' title='bbox 264 4258 309 4306; x_wconf 87' lang='lat' dir='ltr'>per</span> <span class='ocrx_word' id='word_1_317' title='bbox 325 4247 395 4292; x_wconf 91' lang='lat' dir='ltr'>totos</span> <span class='ocrx_word' id='word_1_318' title='bbox 411 4244 533 4292; x_wconf 88' lang='lat' dir='ltr'>undecim</span> <span class='ocrx_word' id='word_1_319' title='bbox 547 4259 631 4294; x_wconf 90' lang='lat' dir='ltr'>annos</span> 
     </span>
     <span class='ocr_line' id='line_1_40' title="bbox 17 4326 630 4391; baseline 0.002 -16"><span class='ocrx_word' id='word_1_320' title='bbox 17 4326 81 4390; x_wconf 82' lang='lat' dir='ltr'>fuit,</span> <span class='ocrx_word' id='word_1_321' title='bbox 97 4328 215 4376; x_wconf 77' lang='lat' dir='ltr'>suffectis</span> <span class='ocrx_word' id='word_1_322' title='bbox 230 4342 334 4391; x_wconf 84' lang='lat' dir='ltr'>semper</span> <span class='ocrx_word' id='word_1_323' title='bbox 343 4328 417 4377; x_wconf 86' lang='lat' dir='ltr'>novis</span> <span class='ocrx_word' id='word_1_324' title='bbox 425 4327 453 4377; x_wconf 93' lang='lat' dir='ltr'>in</span> <span class='ocrx_word' id='word_1_325' title='bbox 464 4331 630 4377; x_wconf 88' lang='lat' dir='ltr'>mortuorum</span> 
     </span>
     <span class='ocr_line' id='line_1_41' title="bbox 16 4411 629 4475; baseline 0.003 -16"><span class='ocrx_word' id='word_1_326' title='bbox 16 4414 57 4461; x_wconf 86' lang='lat' dir='ltr'>vel</span> <span class='ocrx_word' id='word_1_327' title='bbox 79 4416 247 4475; x_wconf 82' lang='lat' dir='ltr'>aegrotorum</span> <span class='ocrx_word' id='word_1_328' title='bbox 272 4414 343 4462; x_wconf 86' lang='lat' dir='ltr'>locos</span> <span class='ocrx_word' id='word_1_329' title='bbox 353 4412 376 4474; x_wconf 87' lang='lat'>,’&#39;</span> <span class='ocrx_word' id='word_1_330' title='bbox 402 4412 446 4460; x_wconf 91' lang='lat' dir='ltr'>sed</span> <span class='ocrx_word' id='word_1_331' title='bbox 465 4411 552 4474; x_wconf 90' lang='lat' dir='ltr'>potius</span> <span class='ocrx_word' id='word_1_332' title='bbox 569 4427 629 4462; x_wconf 89' lang='lat' dir='ltr'>cnm</span> 
     </span>
     <span class='ocr_line' id='line_1_42' title="bbox 17 4494 631 4559; baseline -0.002 -14"><span class='ocrx_word' id='word_1_333' title='bbox 17 4494 111 4546; x_wconf 87' lang='lat' dir='ltr'>Wolfio</span> <span class='ocrx_word' id='word_1_334' title='bbox 124 4500 152 4545; x_wconf 88' lang='lat' dir='ltr'>et</span> <span class='ocrx_word' id='word_1_335' title='bbox 163 4494 479 4559; x_wconf 84' lang='lat' dir='ltr'>Baumgarten—Orusio:</span> <span class='ocrx_word' id='word_1_336' title='bbox 493 4496 631 4559; x_wconf 85' lang='lat' dir='ltr'>„homines</span> 
     </span>
     <span class='ocr_line' id='line_1_43' title="bbox 16 4580 630 4644; baseline 0.002 -17"><span class='ocrx_word' id='word_1_337' title='bbox 16 4595 70 4628; x_wconf 90' lang='lat' dir='ltr'>una</span> <span class='ocrx_word' id='word_1_338' title='bbox 94 4583 123 4628; x_wconf 89' lang='lat' dir='ltr'>et</span> <span class='ocrx_word' id='word_1_339' title='bbox 147 4581 274 4629; x_wconf 88' lang='lat' dir='ltr'>continua</span> <span class='ocrx_word' id='word_1_340' title='bbox 302 4580 369 4628; x_wconf 86' lang='lat' dir='ltr'>sarie</span> <span class='ocrx_word' id='word_1_341' title='bbox 396 4581 514 4629; x_wconf 88' lang='lat' dir='ltr'>collocati</span> <span class='ocrx_word' id='word_1_342' title='bbox 540 4585 630 4644; x_wconf 81' lang='lat' dir='ltr'>erant,</span> 
     </span>
     <span class='ocr_line' id='line_1_44' title="bbox 15 4663 630 4728; baseline 0.002 -15"><span class='ocrx_word' id='word_1_343' title='bbox 15 4669 142 4728; x_wconf 87' lang='lat' dir='ltr'>totusque</span> <span class='ocrx_word' id='word_1_344' title='bbox 168 4665 252 4727; x_wconf 88' lang='lat' dir='ltr'>operis</span> <span class='ocrx_word' id='word_1_345' title='bbox 277 4663 428 4727; x_wconf 80' lang='lat' dir='ltr'>perficiendi</span> <span class='ocrx_word' id='word_1_346' title='bbox 452 4670 553 4713; x_wconf 88' lang='lat' dir='ltr'>tractus</span> <span class='ocrx_word' id='word_1_347' title='bbox 582 4665 630 4714; x_wconf 91' lang='lat' dir='ltr'>im·</span> 
     </span>
     <span class='ocr_line' id='line_1_45' title="bbox 16 4748 630 4812; baseline 0.007 -15"><span class='ocrx_word' id='word_1_348' title='bbox 16 4750 102 4812; x_wconf 82' lang='lat' dir='ltr'>platus</span> <span class='ocrx_word' id='word_1_349' title='bbox 119 4753 177 4798; x_wconf 88' lang='lat' dir='ltr'>erat</span> <span class='ocrx_word' id='word_1_350' title='bbox 193 4748 347 4805; x_wconf 83' lang='lat' dir='ltr'>homiuibus</span> <span class='ocrx_word' id='word_1_351' title='bbox 363 4749 421 4803; x_wconf 87' lang='lat' dir='ltr'>sine</span> <span class='ocrx_word' id='word_1_352' title='bbox 436 4749 630 4802; x_wconf 82' lang='lat' dir='ltr'>intermissione</span> 
     </span>
     <span class='ocr_line' id='line_1_46' title="bbox 15 4833 211 4896; baseline 0 -14"><span class='ocrx_word' id='word_1_353' title='bbox 15 4833 211 4896; x_wconf 73' lang='lat' dir='ltr'>operantibus„&#39;&#39;</span> 
     </span>
    </p>
   </div>
   <div class='ocr_carea' id='block_1_6' title="bbox 685 2972 1303 3459">
    <p class='ocr_par' dir='ltr' id='par_1_9' title="bbox 685 2972 1303 3459">
     <span class='ocr_line' id='line_1_47' title="bbox 686 2972 1303 3036; baseline 0 -14"><span class='ocrx_word' id='word_1_354' title='bbox 686 2977 792 3036; x_wconf 87' lang='lat' dir='ltr'>portum</span> <span class='ocrx_word' id='word_1_355' title='bbox 810 2978 976 3023; x_wconf 84' lang='lat' dir='ltr'>exstructum</span> <span class='ocrx_word' id='word_1_356' title='bbox 995 2973 1093 3023; x_wconf 88' lang='lat' dir='ltr'>ostium</span> <span class='ocrx_word' id='word_1_357' title='bbox 1107 2972 1208 3022; x_wconf 85' lang='lat' dir='ltr'>Tiberis</span> <span class='ocrx_word' id='word_1_358' title='bbox 1220 2973 1303 3022; x_wconf 86' lang='lat' dir='ltr'>tuerit</span> 
     </span>
     <span class='ocr_line' id='line_1_48' title="bbox 685 3055 1300 3120; baseline 0 -14"><span class='ocrx_word' id='word_1_359' title='bbox 685 3057 768 3106; x_wconf 89' lang='lat' dir='ltr'>tradit</span> <span class='ocrx_word' id='word_1_360' title='bbox 790 3062 894 3120; x_wconf 84' lang='lat' dir='ltr'>praeter</span> <span class='ocrx_word' id='word_1_361' title='bbox 917 3057 987 3106; x_wconf 89' lang='lat' dir='ltr'>Plut.</span> <span class='ocrx_word' id='word_1_362' title='bbox 1005 3056 1076 3106; x_wconf 85' lang='lat' dir='ltr'>ans</span> <span class='ocrx_word' id='word_1_363' title='bbox 1095 3055 1127 3105; x_wconf 88' lang='grc'>58</span> <span class='ocrx_word' id='word_1_364' title='bbox 1145 3061 1173 3106; x_wconf 89' lang='lat' dir='ltr'>et</span> <span class='ocrx_word' id='word_1_365' title='bbox 1190 3057 1300 3106; x_wconf 76' lang='lat' dir='ltr'>Dionem</span> 
     </span>
     <span class='ocr_line' id='line_1_49' title="bbox 688 3135 1301 3205; baseline -0.005 -14"><span class='ocrx_word' id='word_1_366' title='bbox 688 3140 745 3205; x_wconf 81' lang='lat'>(60,</span> <span class='ocrx_word' id='word_1_367' title='bbox 769 3141 815 3204; x_wconf 76' lang='lat' dir='ltr'>ll,</span> <span class='ocrx_word' id='word_1_368' title='bbox 839 3140 866 3204; x_wconf 68' lang='grc' dir='ltr'>λ)</span> <span class='ocrx_word' id='word_1_369' title='bbox 884 3141 978 3191; x_wconf 85' lang='lat' dir='ltr'>Strabo</span> <span class='ocrx_word' id='word_1_370' title='bbox 996 3142 1018 3190; x_wconf 93' lang='lat' dir='ltr'>V</span> <span class='ocrx_word' id='word_1_371' title='bbox 1035 3157 1058 3204; x_wconf 91' lang='lat' dir='ltr'>p.</span> <span class='ocrx_word' id='word_1_372' title='bbox 1077 3140 1140 3190; x_wconf 72' lang='lat'><strong>231:</strong></span> <span class='ocrx_word' id='word_1_373' title='bbox 1164 3135 1194 3190; x_wconf 90' lang='grc' dir='ltr'>τά</span> <span class='ocrx_word' id='word_1_374' title='bbox 1207 3138 1301 3189; x_wconf 88' lang='grc' dir='ltr'><em>Ὤοτια</em></span> 
     </span>
     <span class='ocr_line' id='line_1_50' title="bbox 685 3221 1302 3290; baseline 0 -16"><span class='ocrx_word' id='word_1_375' title='bbox 685 3223 760 3280; x_wconf 90' lang='grc' dir='ltr'><em>πόλις</em></span> <span class='ocrx_word' id='word_1_376' title='bbox 783 3222 905 3290; x_wconf 79' lang='grc' dir='ltr'><em>ἀλίμενος</em></span> <span class='ocrx_word' id='word_1_377' title='bbox 930 3222 974 3275; x_wconf 83' lang='grc' dir='ltr'>διά</span> <span class='ocrx_word' id='word_1_378' title='bbox 997 3221 1044 3290; x_wconf 86' lang='grc' dir='ltr'>τὴν</span> <span class='ocrx_word' id='word_1_379' title='bbox 1065 3224 1219 3289; x_wconf 81' lang='grc' dir='ltr'><em>πρόσχωσιν</em></span> <span class='ocrx_word' id='word_1_380' title='bbox 1237 3223 1302 3290; x_wconf 86' lang='grc' dir='ltr'>ἣνὸ</span> 
     </span>
     <span class='ocr_line' id='line_1_51' title="bbox 691 3305 1300 3376; baseline -0.002 -17"><span class='ocrx_word' id='word_1_381' title='bbox 691 3308 793 3376; x_wconf 76' lang='grc' dir='ltr'><em>Τίβερις</em></span> <span class='ocrx_word' id='word_1_382' title='bbox 829 3305 1026 3374; x_wconf 84' lang='grc' dir='ltr'><em>παρασκευάζει</em></span> <span class='ocrx_word' id='word_1_383' title='bbox 1058 3307 1241 3374; x_wconf 79' lang='grc' dir='ltr'><em>πληρούμενος</em></span> <span class='ocrx_word' id='word_1_384' title='bbox 1269 3309 1300 3361; x_wconf 82' lang='grc' dir='ltr'>ἐκ</span> 
     </span>
     <span class='ocr_line' id='line_1_52' title="bbox 685 3390 1302 3459; baseline -0.002 -15"><span class='ocrx_word' id='word_1_385' title='bbox 685 3393 791 3445; x_wconf 78' lang='grc' dir='ltr'><em>πολλῶν</em></span> <span class='ocrx_word' id='word_1_386' title='bbox 806 3399 935 3459; x_wconf 83' lang='grc' dir='ltr'><strong><em>ποταμῶν</em></strong></span> <span class='ocrx_word' id='word_1_387' title='bbox 953 3431 958 3443; x_wconf 93' lang='grc'><strong><em>.</em></strong></span> <span class='ocrx_word' id='word_1_388' title='bbox 976 3392 1181 3458; x_wconf 81' lang='grc' dir='ltr'><em>παρακινδύνως</em></span> <span class='ocrx_word' id='word_1_389' title='bbox 1192 3390 1241 3457; x_wconf 87' lang='grc' dir='ltr'>μὲν</span> <span class='ocrx_word' id='word_1_390' title='bbox 1254 3390 1302 3443; x_wconf 81' lang='grc' dir='ltr'><strong><em>οὖν</em></strong></span> 
     </span>
    </p>
   </div>
   <div class='ocr_carea' id='block_1_7' title="bbox 665 3475 1300 3544">
    <p class='ocr_par' dir='ltr' id='par_1_10' title="bbox 665 3475 1300 3544">
     <span class='ocr_line' id='line_1_53' title="bbox 665 3475 1300 3544; baseline 0.002 -16"><span class='ocrx_word' id='word_1_391' title='bbox 665 3477 837 3543; x_wconf 71' lang='grc' dir='ltr'><strong><em>’ὁρμίζονται</em></strong></span> <span class='ocrx_word' id='word_1_392' title='bbox 860 3477 982 3543; x_wconf 86' lang='grc' dir='ltr'><em>μετέωρα</em></span> <span class='ocrx_word' id='word_1_393' title='bbox 999 3476 1027 3528; x_wconf 83' lang='grc' dir='ltr'><em>ἐν</em></span> <span class='ocrx_word' id='word_1_394' title='bbox 1044 3485 1082 3544; x_wconf 83' lang='grc' dir='ltr'><em>τῷ</em></span> <span class='ocrx_word' id='word_1_395' title='bbox 1100 3476 1173 3544; x_wconf 87' lang='grc' dir='ltr'><em>σάλῳ</em></span> <span class='ocrx_word' id='word_1_396' title='bbox 1191 3475 1221 3529; x_wconf 92' lang='grc' dir='ltr'>τά</span> <span class='ocrx_word' id='word_1_397' title='bbox 1238 3496 1300 3529; x_wconf 90' lang='grc' dir='ltr'><strong><em>ναυ-</em></strong></span> 
     </span>
    </p>
   </div>
   <div class='ocr_carea' id='block_1_8' title="bbox 684 3560 1301 4895">
    <p class='ocr_par' dir='ltr' id='par_1_11' title="bbox 684 3560 1301 4895">
     <span class='ocr_line' id='line_1_54' title="bbox 685 3560 1300 3628; baseline -0.005 -14"><span class='ocrx_word' id='word_1_398' title='bbox 685 3560 797 3628; x_wconf 83' lang='grc' dir='ltr'><em>κλήρια,</em></span> <span class='ocrx_word' id='word_1_399' title='bbox 823 3561 853 3612; x_wconf 90' lang='grc' dir='ltr'><em>τό</em></span> <span class='ocrx_word' id='word_1_400' title='bbox 881 3560 970 3627; x_wconf 79' lang='grc' dir='ltr'><em>μέντοι</em></span> <span class='ocrx_word' id='word_1_401' title='bbox 995 3560 1124 3618; x_wconf 81' lang='grc' dir='ltr'><em>λυσιτελὲς</em></span> <span class='ocrx_word' id='word_1_402' title='bbox 1149 3570 1210 3628; x_wconf 87' lang='grc' dir='ltr'><strong><em>νικᾷ</em></strong></span> <span class='ocrx_word' id='word_1_403' title='bbox 1230 3600 1235 3611; x_wconf 90' lang='grc'>.</span> <span class='ocrx_word' id='word_1_404' title='bbox 1254 3561 1300 3613; x_wconf 85' lang='grc' dir='ltr'>καὶ</span> 
     </span>
     <span class='ocr_line' id='line_1_55' title="bbox 685 3644 1301 3713; baseline 0.005 -17"><span class='ocrx_word' id='word_1_405' title='bbox 685 3645 734 3713; x_wconf 82' lang='grc' dir='ltr'>γάρ</span> <span class='ocrx_word' id='word_1_406' title='bbox 758 3645 775 3712; x_wconf 86' lang='grc' dir='ltr'><em>ἡ</em></span> <span class='ocrx_word' id='word_1_407' title='bbox 799 3651 853 3697; x_wconf 89' lang='grc' dir='ltr'>τῶν</span> <span class='ocrx_word' id='word_1_408' title='bbox 870 3645 1040 3712; x_wconf 82' lang='grc' dir='ltr'><em>ὑπηρετικῶν</em></span> <span class='ocrx_word' id='word_1_409' title='bbox 1057 3652 1173 3713; x_wconf 82' lang='grc' dir='ltr'><strong><em>σκαφῶν</em></strong></span> <span class='ocrx_word' id='word_1_410' title='bbox 1189 3644 1301 3713; x_wconf 82' lang='grc' dir='ltr'><em>εὐπορία</em></span> 
     </span>
     <span class='ocr_line' id='line_1_56' title="bbox 685 3728 1300 3797; baseline 0.002 -16"><span class='ocrx_word' id='word_1_411' title='bbox 685 3736 739 3782; x_wconf 87' lang='grc' dir='ltr'>τῶν</span> <span class='ocrx_word' id='word_1_412' title='bbox 755 3728 940 3796; x_wconf 80' lang='grc' dir='ltr'><em>ἐκδεχομένων</em></span> <span class='ocrx_word' id='word_1_413' title='bbox 957 3728 987 3781; x_wconf 89' lang='grc' dir='ltr'><em>τὰ</em></span> <span class='ocrx_word' id='word_1_414' title='bbox 1005 3730 1101 3796; x_wconf 83' lang='grc' dir='ltr'><em>φορτία</em></span> <span class='ocrx_word' id='word_1_415' title='bbox 1116 3729 1162 3782; x_wconf 88' lang='grc' dir='ltr'>καὶ</span> <span class='ocrx_word' id='word_1_416' title='bbox 1174 3729 1300 3797; x_wconf 84' lang='grc' dir='ltr'><em>ἀντιφορ-</em></span> 
     </span>
     <span class='ocr_line' id='line_1_57' title="bbox 685 3813 1300 3881; baseline 0.002 -15"><span class='ocrx_word' id='word_1_417' title='bbox 685 3815 810 3875; x_wconf 85' lang='grc' dir='ltr'><em>τιζόντων</em></span> <span class='ocrx_word' id='word_1_418' title='bbox 833 3813 914 3881; x_wconf 85' lang='grc' dir='ltr'><em>ταχὺν</em></span> <span class='ocrx_word' id='word_1_419' title='bbox 936 3822 1009 3865; x_wconf 92' lang='grc' dir='ltr'><em>ποιεῖ</em></span> <span class='ocrx_word' id='word_1_420' title='bbox 1023 3813 1068 3865; x_wconf 88' lang='grc' dir='ltr'>τὸν</span> <span class='ocrx_word' id='word_1_421' title='bbox 1084 3813 1221 3866; x_wconf 79' lang='grc' dir='ltr'><em>άπαπλσῦν</em></span> <span class='ocrx_word' id='word_1_422' title='bbox 1237 3815 1300 3881; x_wconf 86' lang='grc' dir='ltr'><em>πρὶν</em></span> 
     </span>
     <span class='ocr_line' id='line_1_58' title="bbox 685 3897 1299 3966; baseline 0.002 -15"><span class='ocrx_word' id='word_1_423' title='bbox 685 3898 701 3966; x_wconf 85' lang='grc' dir='ltr'><em>ἢ</em></span> <span class='ocrx_word' id='word_1_424' title='bbox 720 3906 766 3951; x_wconf 81' lang='grc' dir='ltr'><em>τοῦ</em></span> <span class='ocrx_word' id='word_1_425' title='bbox 783 3905 903 3964; x_wconf 83' lang='grc' dir='ltr'><strong><em>ποταμοῦ</em></strong></span> <span class='ocrx_word' id='word_1_426' title='bbox 921 3898 1053 3966; x_wconf 75' lang='grc' dir='ltr'><strong><em>ἅψασθαι.</em></strong></span> <span class='ocrx_word' id='word_1_427' title='bbox 1065 3897 1112 3951; x_wconf 88' lang='grc' dir='ltr'>καὶ</span> <span class='ocrx_word' id='word_1_428' title='bbox 1123 3897 1221 3965; x_wconf 84' lang='grc' dir='ltr'><strong><em>μέρους</em></strong></span> <span class='ocrx_word' id='word_1_429' title='bbox 1233 3898 1299 3952; x_wconf 88' lang='grc' dir='ltr'><em>άπα-</em></span> 
     </span>
     <span class='ocr_line' id='line_1_59' title="bbox 684 3981 1298 4050; baseline 0 -16"><span class='ocrx_word' id='word_1_430' title='bbox 684 3982 879 4050; x_wconf 78' lang='grc' dir='ltr'><em>αουφισιλέντος</em></span> <span class='ocrx_word' id='word_1_431' title='bbox 903 3983 1005 4035; x_wconf 86' lang='grc' dir='ltr'><em>εἰσπλεῖ</em></span> <span class='ocrx_word' id='word_1_432' title='bbox 1018 3982 1065 4035; x_wconf 86' lang='grc' dir='ltr'><em>καί</em></span> <span class='ocrx_word' id='word_1_433' title='bbox 1082 3981 1203 4049; x_wconf 85' lang='grc' dir='ltr'><em>ἀνάγεται</em></span> <span class='ocrx_word' id='word_1_434' title='bbox 1219 3983 1298 4050; x_wconf 83' lang='grc' dir='ltr'><em>μεχρὶ</em></span> 
     </span>
     <span class='ocr_line' id='line_1_60' title="bbox 685 4066 1299 4134; baseline 0.002 -15"><span class='ocrx_word' id='word_1_435' title='bbox 685 4074 730 4134; x_wconf 87' lang='grc' dir='ltr'><em>τῆς</em></span> <span class='ocrx_word' id='word_1_436' title='bbox 753 4066 873 4134; x_wconf 83' lang='grc' dir='ltr'><strong><em>Ῥώμης,</em></strong></span> <span class='ocrx_word' id='word_1_437' title='bbox 907 4086 976 4134; x_wconf 87' lang='lat' dir='ltr'>quae</span> <span class='ocrx_word' id='word_1_438' title='bbox 1003 4086 1056 4121; x_wconf 91' lang='lat' dir='ltr'>non</span> <span class='ocrx_word' id='word_1_439' title='bbox 1083 4075 1243 4120; x_wconf 86' lang='lat' dir='ltr'>evertuntur</span> <span class='ocrx_word' id='word_1_440' title='bbox 1267 4071 1299 4120; x_wconf 89' lang='lat' dir='ltr'>iis</span> 
     </span>
     <span class='ocr_line' id='line_1_61' title="bbox 685 4155 1298 4219; baseline 0.002 -15"><span class='ocrx_word' id='word_1_441' title='bbox 685 4169 754 4218; x_wconf 87' lang='lat' dir='ltr'>quae</span> <span class='ocrx_word' id='word_1_442' title='bbox 771 4155 914 4219; x_wconf 81' lang='lat' dir='ltr'>Dionysius</span> <span class='ocrx_word' id='word_1_443' title='bbox 931 4155 1014 4204; x_wconf 89' lang='lat' dir='ltr'>tradit</span> <span class='ocrx_word' id='word_1_444' title='bbox 1030 4155 1090 4204; x_wconf 81' lang='lat' dir='ltr'>Ant.</span> <span class='ocrx_word' id='word_1_445' title='bbox 1109 4155 1183 4204; x_wconf 87' lang='lat' dir='ltr'>Rom.</span> <span class='ocrx_word' id='word_1_446' title='bbox 1202 4155 1237 4203; x_wconf 92' lang='lat' dir='ltr'>lll</span> <span class='ocrx_word' id='word_1_447' title='bbox 1252 4155 1298 4205; x_wconf 82' lang='grc'>44;</span> 
     </span>
     <span class='ocr_line' id='line_1_62' title="bbox 685 4234 1298 4302; baseline 0.002 -16"><span class='ocrx_word' id='word_1_448' title='bbox 685 4237 700 4286; x_wconf 86' lang='grc' dir='ltr'>ὃ</span> <span class='ocrx_word' id='word_1_449' title='bbox 731 4235 760 4287; x_wconf 81' lang='grc' dir='ltr'>δὲ</span> <span class='ocrx_word' id='word_1_450' title='bbox 790 4235 901 4302; x_wconf 87' lang='grc' dir='ltr'><em>μάλιστα</em></span> <span class='ocrx_word' id='word_1_451' title='bbox 933 4234 1095 4302; x_wconf 73' lang='grc' dir='ltr'><em>θαυμάσειεν</em></span> <span class='ocrx_word' id='word_1_452' title='bbox 1126 4236 1158 4288; x_wconf 84' lang='grc' dir='ltr'><em>ἄν</em></span> <span class='ocrx_word' id='word_1_453' title='bbox 1184 4256 1222 4293; x_wconf 91' lang='grc' dir='ltr'>τις</span> <span class='ocrx_word' id='word_1_454' title='bbox 1247 4234 1298 4287; x_wconf 87' lang='grc' dir='ltr'>οὐκ</span> 
     </span>
     <span class='ocr_line' id='line_1_63' title="bbox 684 4320 1298 4388; baseline -0.002 -16"><span class='ocrx_word' id='word_1_455' title='bbox 684 4320 849 4373; x_wconf 86' lang='grc' dir='ltr'><em>ἀποκλείεται</em></span> <span class='ocrx_word' id='word_1_456' title='bbox 879 4321 905 4386; x_wconf 85' lang='grc' dir='ltr'>(ὁ</span> <span class='ocrx_word' id='word_1_457' title='bbox 934 4320 1062 4388; x_wconf 82' lang='grc' dir='ltr'><em>Τίβερις),</em></span> <span class='ocrx_word' id='word_1_458' title='bbox 1093 4328 1139 4373; x_wconf 87' lang='grc' dir='ltr'><em>τοῦ</em></span> <span class='ocrx_word' id='word_1_459' title='bbox 1171 4321 1298 4386; x_wconf 87' lang='grc' dir='ltr'><strong><em>στόματος</em></strong></span> 
     </span>
     <span class='ocr_line' id='line_1_64' title="bbox 684 4404 1297 4473; baseline -0.002 -16"><span class='ocrx_word' id='word_1_460' title='bbox 684 4404 736 4457; x_wconf 80' lang='grc' dir='ltr'><em>ὑπὸ</em></span> <span class='ocrx_word' id='word_1_461' title='bbox 767 4412 813 4472; x_wconf 87' lang='grc' dir='ltr'><em>τῆς</em></span> <span class='ocrx_word' id='word_1_462' title='bbox 843 4405 983 4462; x_wconf 73' lang='grc' dir='ltr'><em>θαλαττίας</em></span> <span class='ocrx_word' id='word_1_463' title='bbox 1013 4404 1088 4463; x_wconf 63' lang='lat' dir='ltr'>diade</span> <span class='ocrx_word' id='word_1_464' title='bbox 1114 4405 1297 4473; x_wconf 81' lang='grc' dir='ltr'><strong><em>ἐμφραττομέ-</em></strong></span> 
     </span>
     <span class='ocr_line' id='line_1_65' title="bbox 684 4492 1298 4556; baseline 0.002 -15"><span class='ocrx_word' id='word_1_465' title='bbox 684 4509 746 4552; x_wconf 84' lang='grc' dir='ltr'><strong><em>νου,</em></strong></span> <span class='ocrx_word' id='word_1_466' title='bbox 780 4495 813 4543; x_wconf 86' lang='lat' dir='ltr'>ct.</span> <span class='ocrx_word' id='word_1_467' title='bbox 849 4494 948 4543; x_wconf 87' lang='lat' dir='ltr'>Dessau</span> <span class='ocrx_word' id='word_1_468' title='bbox 983 4492 1011 4542; x_wconf 84' lang='lat' dir='ltr'>O.</span> <span class='ocrx_word' id='word_1_469' title='bbox 1038 4494 1057 4542; x_wconf 94' lang='grc' dir='ltr'>Ι.</span> <span class='ocrx_word' id='word_1_470' title='bbox 1085 4493 1113 4542; x_wconf 93' lang='lat' dir='ltr'>L.</span> <span class='ocrx_word' id='word_1_471' title='bbox 1148 4493 1206 4543; x_wconf 86' lang='lat' dir='ltr'>XIV</span> <span class='ocrx_word' id='word_1_472' title='bbox 1232 4509 1255 4556; x_wconf 90' lang='lat' dir='ltr'>p.</span> <span class='ocrx_word' id='word_1_473' title='bbox 1282 4493 1298 4542; x_wconf 88' lang='lat'><strong>3</strong></span> 
     </span>
     <span class='ocr_line' id='line_1_66' title="bbox 684 4576 1296 4642; baseline -0.003 -14"><span class='ocrx_word' id='word_1_474' title='bbox 684 4577 747 4629; x_wconf 86' lang='grc' dir='ltr'>Α8,</span> <span class='ocrx_word' id='word_1_475' title='bbox 772 4578 898 4627; x_wconf 84' lang='lat' dir='ltr'>Claudius</span> <span class='ocrx_word' id='word_1_476' title='bbox 929 4578 1030 4641; x_wconf 88' lang='lat' dir='ltr'>primus</span> <span class='ocrx_word' id='word_1_477' title='bbox 1056 4576 1121 4639; x_wconf 88' lang='lat' dir='ltr'>(non</span> <span class='ocrx_word' id='word_1_478' title='bbox 1146 4578 1296 4642; x_wconf 75' lang='lat' dir='ltr'>Augustus,</span> 
     </span>
     <span class='ocr_line' id='line_1_67' title="bbox 684 4661 1297 4725; baseline -0.003 -14"><span class='ocrx_word' id='word_1_479' title='bbox 684 4677 746 4711; x_wconf 91' lang='lat' dir='ltr'>nam</span> <span class='ocrx_word' id='word_1_480' title='bbox 772 4663 872 4712; x_wconf 86' lang='lat' dir='ltr'>scholia</span> <span class='ocrx_word' id='word_1_481' title='bbox 896 4663 929 4712; x_wconf 88' lang='lat' dir='ltr'>ad</span> <span class='ocrx_word' id='word_1_482' title='bbox 955 4663 1015 4712; x_wconf 87' lang='lat' dir='ltr'>Hor.</span> <span class='ocrx_word' id='word_1_483' title='bbox 1043 4662 1071 4712; x_wconf 78' lang='grc' dir='ltr'>Α.</span> <span class='ocrx_word' id='word_1_484' title='bbox 1099 4663 1126 4712; x_wconf 89' lang='lat' dir='ltr'>P.</span> <span class='ocrx_word' id='word_1_485' title='bbox 1149 4661 1197 4712; x_wconf 80' lang='lat'>65:</span> <span class='ocrx_word' id='word_1_486' title='bbox 1223 4663 1297 4725; x_wconf 81' lang='grc' dir='ltr'><em>αριιά</em></span> 
     </span>
     <span class='ocr_line' id='line_1_68' title="bbox 686 4747 1295 4810; baseline -0.003 -14"><span class='ocrx_word' id='word_1_487' title='bbox 686 4748 792 4797; x_wconf 78' lang='lat' dir='ltr'>Ostiam</span> <span class='ocrx_word' id='word_1_488' title='bbox 823 4748 960 4796; x_wconf 83' lang='lat' dir='ltr'>civitatem</span> <span class='ocrx_word' id='word_1_489' title='bbox 984 4747 1123 4810; x_wconf 79' lang='grc' dir='ltr'><em>Αιιριιειιιε</em></span> <span class='ocrx_word' id='word_1_490' title='bbox 1149 4761 1226 4797; x_wconf 78' lang='lat' dir='ltr'>artare</span> <span class='ocrx_word' id='word_1_491' title='bbox 1255 4748 1295 4794; x_wconf 86' lang='lat' dir='ltr'>ir-</span> 
     </span>
     <span class='ocr_line' id='line_1_69' title="bbox 684 4833 1298 4895; baseline 0 -15"><span class='ocrx_word' id='word_1_492' title='bbox 684 4847 814 4895; x_wconf 80' lang='lat' dir='ltr'>rumpens</span> <span class='ocrx_word' id='word_1_493' title='bbox 847 4833 998 4881; x_wconf 84' lang='lat' dir='ltr'>interclusit</span> <span class='ocrx_word' id='word_1_494' title='bbox 1028 4838 1054 4881; x_wconf 86' lang='lat' dir='ltr'>et</span> <span class='ocrx_word' id='word_1_495' title='bbox 1086 4845 1183 4894; x_wconf 82' lang='grc' dir='ltr'><em>αρρενε</em></span> <span class='ocrx_word' id='word_1_496' title='bbox 1210 4837 1298 4880; x_wconf 84' lang='lat' dir='ltr'>terrac</span> 
     </span>
    </p>
   </div>
   <div class='ocr_carea' id='block_1_9' title="bbox 0 0 1666 5512">
    <p class='ocr_par' dir='ltr' id='par_1_12' title="bbox 0 0 1666 5512">
     <span class='ocr_line' id='line_1_70' title="bbox 0 0 1666 5512; baseline 0 1"><span class='ocrx_word' id='word_1_497' title='bbox 0 0 1666 5512; x_wconf 95' lang='lat' dir='ltr'> </span> 
     </span>
    </p>
   </div>
  </div>
 </body>
</html>
