3322 5512
925 335 964 391 40

207 577 214 592 .
307 543 326 593 e
353 519 468 593 studio
494 518 693 592 sciscitandi
718 517 880 613 quisnam
906 526 1016 610 esset,
1051 517 1237 612 adgnovit,
1264 526 1528 613 extractumque
1554 527 1588 591 et

305 668 390 740 prae
423 652 517 717 metu
551 642 599 716 ad
631 666 748 738 genua
781 641 847 720 sibi
883 641 1096 715 accidentem
1131 642 1374 738 imperatorem
1410 642 1587 715 salutavit.

304 771 398 842 Hinc
431 769 477 842 ad
511 768 598 842 alios
632 767 883 841 commilitones
916 767 1126 840 fluctuantes
1161 790 1225 840 nec
1260 766 1446 861 quiequam
1472 767 1587 840 adhuc

345 959 459 1034 Joseplr.
489 960 558 1017 Aur.
587 958 652 1017 lad.
680 957 762 1015 XIX
783 959 819 1030 3,
845 959 872 1030 l,
898 959 955 1015 217
976 977 1036 1032 sqq.
1080 955 1138 1019 Kal
1158 959 1272 1035 Γράτος
1288 960 1343 1019 τῶν
1362 955 1428 1034 περ)
1445 954 1478 1018 τὸ
1495 954 1587 1032 βρισέ-

307 1063 383 1128 λειο’ν
415 1088 460 1134 τις
492 1063 680 1143 στριιτιωτῶν
713 1060 908 1140 θεοοσάμενος
940 1061 991 1126 aa}
1019 1068 1071 1127 τοῦ
1094 1063 1150 1140 μέν
1175 1061 1417 1143 ἀκριβωσομένου
1441 1063 1495 1136 την
1520 1060 1587 1142 ἀριν

305 1169 437 1249 ἀμιιθης
472 1169 508 1233 ἀν
544 1170 594 1234 aa
629 1169 678 1233 τὸν
711 1169 832 1251 σκέπον,
868 1175 919 1234 τοῦ
951 1170 983 1233 δὲ
1016 1167 1176 1250 ἀνθρωπον
1210 1163 1283 1233 εἷνοοι
1307 1169 1356 1233 τὸν
1381 1171 1587 1248 ὑπολοχῶντοο

306 1281 407 1360 κριτης
442 1273 515 1343 εἶνοιι
546 1278 589 1355 μη
620 1276 886 1354 ἀπηλλοογμένος,
923 1277 1043 1357 προσῄει
1075 1301 1108 1340 τε
1140 1278 1304 1356 ἐγγύτερον
1336 1276 1388 1340 axi
1420 1277 1587 1355 ὑποχωρεῖν

307 1384 464 1468 ἠξιωκότος
487 1383 623 1449 ἐπέκειτο
647 1384 699 1448 κοά
723 1384 915 1462 κοοτκλοιβῖον
941 1384 1128 1468 ἐπιγνωρίζει
1151 1383 1358 1464 ,Γερμιονικος
1382 1383 1438 1460 μέν
1463 1378 1586 1453 οὗτος,”

307 1492 398 1576 Φησὶν
423 1492 496 1573 πρὸς
519 1492 587 1563 τοὺς
611 1490 793 1568 ἑπομένους,
818 1493 891 1565 ,μοὶ
917 1490 1105 1569 στησώμεθα
1122 1497 1225 1556 τοῦτον
1243 1491 1379 1567 ηγέμονοο
1397 1488 1587 1572 Φερόμενοι.”

307 1601 456 1671 Κλαύδιος
487 1601 519 1664 δέ
550 1600 602 1681 ἐφ’
634 1598 763 1679 ἀρτοογη
797 1598 1098 1679 ποιρεσκενκσμένονς
1129 1600 1196 1678 ὁρῶν
1228 1596 1279 1662 axi
1311 1596 1412 1668 δείσας
1436 1599 1479 1674 μη
1504 1596 1587 1660 κιιτά

307 1708 409 1788 φωνην
435 1705 545 1793 (Φένον
570 1706 616 1766 ed.
637 1705 751 1780 Naber,
774 1706 825 1784 qui
847 1708 921 1766 coni.
945 1704 1081 1792 φθόνον)
1107 1704 1260 1771 ἀποθάνοι
1284 1706 1336 1779 την
1362 1704 1467 1777 Γοιΐον,
1493 1703 1587 1785 <Darda

308 1820 395 1893 σχεῖν
419 1812 514 1896 ἀξέον,
539 1820 591 1878 τοῦ
615 1815 685 1877 κοτ’
710 1813 798 1877 ἀύτὸν
823 1811 1027 1894 ἀνεποιχθοῦς
1050 1812 1218 1891 ἀνάμνησιν
1242 1815 1345 1882 οούτοῖς
1361 1808 1518 1881 ὑποτιθεὶς
1535 1809 1588 1874 cal

307 1926 358 1984 τοῦ
382 1919 583 2001 ἀπρομηθοῦς
606 1927 662 1984 τῶν
688 1920 866 1997 γεγονότων.
893 1921 952 1984 Kal
977 1921 989 1984 d
1014 1923 1129 1999 Γράτος
1152 1918 1315 1996 μειδιάσιις
1338 1919 1511 1981 ε’πισπάτκι
1535 1924 1589 1989 τῆς

307 2028 427 2110 δεξιοῖς,
456 2028 507 2091 κοά
531 2029 709 2101 ,,πιιῦσοιι,”
734 2033 845 2109 φησιν,
869 2026 1165 2107 ,μικρολογούμενος
1189 2025 1333 2106 περὶτῆς
1357 2023 1502 2104 σωτηρίοις
1525 2023 1588 2087 δέον

307 2159 340 2197 σε
360 2126 674 2216 μεγκλοφρονεῖσθοιι
700 2133 766 2213 περὶ
787 2141 841 2207 της
857 2133 1042 2212 ηγεμονέοος,
1066 2125 1099 2206 ἀν
1117 2133 1141 2197 οἱ
1158 2130 1223 2197 θεοὶ
1241 2131 1329 2195 Γάιον
1345 2129 1535 2212 ἀφηρημένοι
1551 2138 1588 2210 τῇ

307 2248 342 2320 σῇ
375 2242 584 2321 σννεχάρησιιν
616 2243 708 2322 ἀρετῇ
740 2241 878 2321 πρόνοιοιν
907 2248 961 2314 τῆς
985 2239 1155 2317 οἶκονμένης
1179 2239 1341 2317 λαβόντες.
1367 2239 1442 2302 ἀλλ’
1467 2235 1511 2301 ἴθι
1536 2237 1588 2300 ami

306 2348 362 2410 τῶν
393 2347 544 2427 προγόνων
568 2347 781 2426 ἀπολάμβοινε
806 2348 855 2411 τὸν
880 2347 1015 2428 θρένον.”
1039 2345 1254 2430 ἀνεβάστοιζέν
1278 2370 1313 2409 τε
1336 2345 1425 2409 ἀύτὸν
1450 2347 1482 2409 οὐ
1507 2344 1589 2408 πάνν

252 2438 253 2441 ¹
306 2460 366 2525 τοῖς
391 2454 460 2519 τοσέ
483 2454 597 2532 βκένειν
622 2454 785 2532 δννάμενον
810 2454 871 2519 ὑπό
892 2479 926 2518 τε
950 2454 1052 2535 φόβον
1076 2451 1128 2518 aad
1151 2452 1318 2534 χάρμοοτος
1342 2458 1398 2516 τῶν
1420 2451 1587 2532 εἰρημένων.

345 2563 405 2622 Da
436 2565 490 2637 60,
519 2566 602 2637 1,<3
621 2589 662 2613 =
684 2563 756 2622 Zon.
779 2564 831 2621 XI
849 2566 869 2622 8
885 2583 916 2639 p.
939 2565 1009 2621 459.
1052 2561 1104 2625 aal
1135 2560 1225 2624 οούτὸν
1257 2560 1290 2624 τὸ
1322 2560 1377 2637 μέν
1411 2560 1525 2639 πρῶτον
1551 2559 1589 2629 ὡς

306 2667 357 2732 acl
388 2667 484 2733 ἀλλον
516 2669 584 2733 τινά
615 2668 688 2734 ὄντος
721 2670 737 2743 ἢ
770 2668 885 2749 ἔχοντά
917 2694 945 2733 τι
970 2668 1166 2751 ἐξείλκνσοον,
1200 2665 1308 2731 έπειτοι
1334 2666 1365 2730 δέ
1390 2664 1589 2746 γνωρέσκντες

306 2775 514 2856 κὺτοκράτοροο
540 2783 794 2859 προσηγόρενσιον.
1088 2763 1089 2767 ¹
1465 2798 1471 2845 ἰ

352 2884 448 2942 Victor
471 2884 550 2942 Caes.
571 2882 623 2942 Ill
641 2887 684 2942 16.
726 2884 814 2943 Forte
841 2903 920 2943 unus
941 2889 1024 2943 ortus
1044 2884 1129 2960 Epiri
1150 2902 1166 2942 e
1188 2883 1374 2957 cohortium,
1405 2901 1481 2960 quae
1502 2882 1588 2941 Pala-

307 2989 380 3048 tium
409 3008 464 3066 per
487 2996 668 3066 opportunos
695 2991 775 3050 locos
803 2991 977 3051 obsidebant
1005 2992 1048 3051 Ti.
1071 2991 1230 3051 Claudium
1250 3026 1289 3033 —-
1311 2991 1437 3067 reperit,
1459 3025 1498 3032 —
1520 3008 1588 3066 pro-

306 3101 459 3174 tractoque
480 3115 515 3156 eo
536 3098 685 3156 exclamat
705 3099 786 3174 apud
808 3098 904 3157 socios
925 3099 951 3157 si
973 3099 1090 3175 sapiant
1110 3099 1217 3158 adesse
1238 3097 1413 3174 principem.
1527 3099 1530 3103 ’

305 3310 385 3367 asset,
402 3310 568 3368 eatractam,
586 3313 613 3355 et
627 3308 917 3357 accidentem-aala-

307 3389 380 3436 tam't.
417 3387 467 3446 Qui
501 3390 670 3453 interpolavit
703 3406 756 3439 uon
788 3392 919 3441 intellexit

305 3472 415 3522 actionis
438 3473 550 3536 gradum
575 3474 688 3537 priorem
713 3475 848 3539 participio
866 3476 919 3540 sig-

305 3558 444 3612 nificatum
463 3560 543 3608 esse.’'

338 3642 448 3693 Summo
481 3645 536 3695 viro
568 3647 690 3696 assentiri
719 3662 772 3696 non
798 3663 918 3711 possum,

305 3744 367 3780 narn
379 3745 421 3779 me
434 3732 521 3780 iudice
534 3733 609 3781 nulla
619 3735 766 3795 corruptela
778 3733 919 3782 statuenda

305 3820 345 3864 est
370 3822 398 3865 et
423 3817 527 3879 omnia,
553 3832 717 3879 quamquam
745 3833 797 3866 nun
821 3817 919 3880 optime

305 3901 388 3965 dicta,
407 3901 443 3951 sic
458 3905 489 3949 ut
501 3901 600 3950 tradita
612 3905 676 3950 sunt
688 3906 758 3950 recte
771 3917 798 3950 se
812 3901 918 3950 habent.

305 3986 391 4036 Verba
423 3986 512 4035 Dionis
545 3985 635 4034 favent
663 3986 771 4048 quidem
792 3986 919 4049 Madvigii

304 4071 422 4134 lectioni,
441 4071 486 4119 sed
506 4072 570 4120 haec
588 4086 667 4120 cansa
685 4072 807 4120 mutandi
825 4071 919 4120 idonea

305 4165 424 4206 nonest.

337 4240 425 4304 Atque
460 4241 482 4288 si
517 4241 624 4290 omnino
659 4242 723 4304 qnid
758 4241 917 4290 mutandum

304 4340 360 4374 esse
384 4339 505 4387 censeas,
530 4331 684 4374 eatractam
707 4326 838 4387 adpaovit
854 4327 917 4375 seri-

305 4410 365 4459 bere
407 4425 487 4472 quam
529 4425 589 4459 curn
624 4410 755 4473 Madvigio
790 4410 918 4472 adpaovll

304 4496 392 4544 delere
411 4497 526 4545 mallem.

338 4582 533 4642 imperatorem
557 4582 693 4631 salutavit.
729 4582 827 4630 milites
850 4597 917 4644 quo-

304 4680 356 4728 que
368 4665 480 4714 suoinre
490 4666 677 4728 imperatorem
686 4666 772 4715 facere
782 4671 917 4731 poterant,

304 4765 391 4813 neque
415 4750 561 4813 quidquam
585 4751 713 4799 intererat
732 4756 823 4800 utrum
842 4754 918 4814 pauci

304 4851 338 4884 an
365 4836 444 4884 multi
467 4835 567 4883 milites
590 4836 707 4900 aliquem
731 4836 917 4899 imperatorem

972 3307 1134 3369 salutarent,
1168 3307 1199 3354 cs.
1234 3306 1353 3354 Momms.
1387 3304 1447 3355 stu.
1473 3305 1509 3354 113
1530 3305 1588 3357 844.

972 3392 1022 3440 At
1043 3408 1072 3434 =
1091 3390 1127 3440 112
1139 3389 1195 3440 814.
1215 3390 1257 3440 Sic
1266 3391 1454 3454 vespasianae,
1473 3392 1588 3454 quiKal.

974 3477 1024 3526 Jul.
1052 3492 1074 3526 a.
1098 3475 1190 3541 822s69
1216 3477 1389 3527 Alexandriae
1415 3491 1432 3526 a
1457 3477 1589 3527 militibus

974 3563 1117 3624 imperator
1150 3563 1284 3610 salutatus
1317 3567 1370 3624 est,
1412 3563 1483 3611 hunc
1516 3562 1588 3611 diem

973 3647 1077 3709 imperii
1099 3648 1127 3695 in
1150 3651 1284 3710 posterum
1302 3646 1449 3696 observavit
1466 3646 1510 3708 (eft
1527 3648 1588 3698 Tac.

974 3731 1039 3780 Hist.
1065 3733 1075 3780 l
1100 3731 1140 3780 79.
1165 3732 1237 3781 Suet.
1262 3732 1338 3794 Vesp.
1356 3730 1398 3795 6),
1422 3747 1587 3795 quamquam

974 3834 989 3866 a
1014 3822 1108 3866 senatu
1135 3818 1243 3867 demum
1272 3833 1306 3866 m.
1334 3818 1393 3867 Dec.
1420 3818 1501 3866 huius
1524 3820 1588 3867 anni

973 3903 1116 3964 imperator
1138 3904 1285 3965 appellatus
1310 3908 1350 3950 est
1373 3900 1417 3964 (cf.
1441 3903 1501 3951 Tac.
1520 3903 1587 3952 Hist.

973 3986 1008 4034 Ill
1028 3984 1066 4035 78.
1090 3984 1130 4035 83.
1156 3987 1189 4035 lV
1207 3984 1248 4049 3),
1273 3988 1309 4035 cf.·
1328 3987 1448 4036 Momms.
1472 3987 1533 4037 sta.
1552 3987 1588 4036 113

973 4069 1022 4118 843
1040 4071 1061 4120 A
1079 4069 1095 4119 3
1113 4088 1143 4114 =
1162 4071 1198 4120 112
1215 4071 1271 4121 813.

1006 4154 1168 4219 perornantes
1186 4158 1218 4206 cs.
1232 4157 1334 4220 loseph.
1348 4155 1485 4219 r.1.§arl,
1503 4155 1587 4221 ‘Mla

1006 4243 1271 4304 quicquam—quam
1291 4242 1444 4303 frementes.
1468 4246 1527 4305 post
1544 4242 1587 4291 Li-

973 4328 1046 4375 vium
1071 4342 1147 4389 saepe
1168 4327 1308 4389 scriptores
1330 4327 1419 4388 farere
1439 4327 1588 4376 omiserunt

972 4413 1000 4460 in
1027 4412 1218 4461 locutionibus:
1245 4413 1318 4461 afilia
1344 4412 1465 4474 anrpldus
1489 4427 1588 4474 quam,

973 4496 1045 4544 nihil
1066 4498 1144 4545 uliud
1168 4511 1265 4560 qaam,
1289 4497 1361 4544 nihil
1378 4497 1470 4544 atinias
1488 4511 1587 4558 qaam,

973 4582 1040 4643 quid
1066 4582 1142 4629 ullard
1168 4596 1267 4643 quana,
1301 4586 1332 4629 ut
1357 4582 1412 4629 fere
1438 4579 1589 4643 significent

974 4671 1095 4728 tantum„
1120 4666 1151 4714 cf.
1171 4665 1282 4713 Kiilrner
1300 4664 1343 4713 Gr.
1367 4664 1393 4713 L.
1414 4665 1437 4713 ll
1459 4680 1483 4727 p.
1506 4663 1588 4727 loto,

972 4750 995 4798 li.
1020 4750 1193 4813 Nipp-Andr.
1219 4751 1250 4798 ad
1269 4750 1327 4799 Tae.
1346 4750 1414 4799 Ann.
1432 4750 1465 4798 lv
1483 4748 1523 4799 34.
1546 4750 1589 4799 sie

973 4837 1046 4891 ailril
1072 4837 1150 4891 oli'ud
1176 4851 1261 4904 ιρεοοινιι
1287 4836 1357 4898 apud
1375 4839 1495 4884 nostrum
1513 4835 1588 4884 inve·
