3322 5512
730 359 766 416 69

107 544 219 617 alieno
245 544 383 640 negotio
408 548 547 617 futinus
573 552 674 616 esset.
703 543 884 616 Feminam
911 565 977 615 non
1003 551 1250 637 agnoscentem
1276 543 1386 615 lilium

107 692 225 762 suum,
264 669 371 742 dubia
403 670 577 764 utrimque
610 677 894 764 argumentorum
928 667 1015 760 lide,
1058 667 1104 739 ad
1137 667 1388 741 confessionem

107 793 270 889 compulit
315 794 444 868 indicto
490 793 707 866 matrimonio
745 792 891 864 intenis.
942 791 1159 864 Absentibus
1196 792 1387 865 secundum

106 925 308 1012 praesentes
354 918 519 991 facillime
558 917 682 1009 dabat,
729 917 825 989 nullo
863 916 1000 989 delectu
1039 917 1187 1012 culpane
1225 917 1305 1011 quis
1342 939 1387 988 an

106 1042 223 1137 aliqua
241 1044 449 1117 necessitate
467 1051 650 1116 cessasset.
679 1041 920 1115 Proclamante
937 1041 1107 1136 quodam,
1133 1040 1387 1136 praecidendas

143 1213 248 1289 ludus
269 1214 303 1272 rte
322 1232 414 1272 mens.
438 1215 471 1286 1,
495 1215 538 1271 11.
582 1211 731 1284 Κλοιύδιος
764 1212 776 1274 ὁ
812 1211 959 1288 βασιλεὺς
988 1251 1032 1259 -
1064 1213 1137 1292 οὶνῖρρ
1169 1209 1243 1275 οὕτω
1275 1210 1387 1281 δίκαιος

107 1318 170 1398 περὶ
200 1318 258 1388 τὰς
281 1317 407 1398 κρίσεις,
440 1319 477 1388 ὡς
501 1318 639 1399 arripe,
671 1319 720 1382 τὸν
746 1319 856 1391 inuria
882 1319 986 1381 τοοῖδοο
1011 1317 1209 1398 οὶρνουμέννν,
1242 1323 1384 1382 esuriant

106 1424 209 1488 ὡτοινεὶ
226 1422 311 1506 ξένην
329 1422 627 1504 repatriarent,
652 1427 706 1499 τὴν
726 1425 758 1489 δὲ
775 1423 1014 1489 ἀποπίπτουσιν
1035 1425 1271 1514 (ἀποπτύουσαν
1289 1423 1385 1511 Hase)

105 1525 177 1595 εἶνοιι
202 1530 331 1611 narina.

143 1639 204 1698 Dio
225 1642 280 1712 60,
305 1640 363 1713 28,
387 1642 413 1697 6.
456 1639 508 1702 nal
539 1639 642 1712 ἐπειδὴ
674 1637 796 1712 πλῆθός
828 1664 861 1702 τε
897 1640 982 1703 δικῶν
1015 1636 1176 1715 ἀμύθητον
1202 1633 1234 1711 ἦν
1259 1638 1310 1701 nal
1336 1640 1386 1701 οὐκ

105 1747 243 1820 οὶτήντιον
276 1747 326 1809 ἐτ’
358 1744 456 1815 abrica
488 1741 519 1809 οἵ
543 1771 571 1810 τι
604 1746 824 1826 προσδοκῶντες
852 1743 1153 1821 ἐλοιττωθήτετθοιι,
1187 1752 1312 1826 τροεῒτε
1337 1743 1387 1808 tri

106 1852 358 1933 aporpiuuaror
380 1849 424 1917 ὅτι
456 1854 509 1917 nal
541 1853 625 1917 narb
657 1852 795 1917 οὶτάντιον
827 1855 923 1917 αὐτῶν
953 1854 1034 1923 ἐντὸς
1058 1857 1146 1933 ,ἕντῆς
1170 1875 1248 1923 τινος
1271 1850 1386 1930 ἡμέροις

106 1959 236 2033 benaiam,
261 1960 314 2022 nal
338 1959 502 2023 ἕνετέδωτε
526 1967 623 2024 τοῦτο.

145 2068 253 2127 &neca
273 2067 400 2144 Apocol.'
413 2070 472 2141 12;
496 2070 532 2142 2,
553 2088 595 2126 us.
620 2072 654 2126 no
675 2089 735 2145 sqq.
777 2070 893 2128 Deflete
914 2070 1026 2142 virum,
1048 2086 1106 2145 quo
1120 2087 1179 2127 non
1193 2068 1270 2144 alius
1285 2067 1386 2125 Potuit

105 2176 191 2236 citius
213 2176 329 2235 discere
351 2193 455 2234 causas
477 2176 542 2234 Una
562 2181 678 2235 tantum
699 2184 783 2253 parte
804 2177 919 2250 audita,
941 2176 1035 2252 Saepe
1049 2193 1087 2234 ne
1101 2182 1168 2234 utra
1183 2173 1263 2252 (<et>
1278 2177 1385 2232 neuma

105 2281 286 2356 Buecheler).

104 2481 183 2544 igitur
204 2481 231 2529 in
256 2480 305 2528 lrac
329 2494 356 2528 ne
375 2470 478 2529 Claudii
496 2481 623 2530 indicium
642 2481 715 2531 Salo-
805 2484 897 2545 culpa,
922 2483 954 2530 cf.
973 2482 1036 2530 lnst.
1055 2481 1078 2528 ll
1097 2480 1143 2542 15,
1166 2478 1196 2527 9:
1223 2479 1332 2541 culpae,
1355 2479 1385 2525 iol

104 2580 195 2627 mone,
214 2569 245 2613 ut
261 2565 352 2627 aiunt,
370 2565 489 2628 dignum.

134 2649 297 2698 Absentibus
315 2650 329 2698 i.
345 2663 367 2699 e.
385 2650 407 2698 si
424 2651 507 2698 altera
525 2665 585 2713 pars
604 2651 715 2699 abesset.

105 2734 157 2782 Hoc
174 2735 229 2782 solo
244 2735 300 2783 loco
313 2735 381 2796 apud
395 2733 553 2783 Suetonium
567 2735 716 2783 subiectum

104 2834 133 2866 ex
159 2819 285 2882 proximis
310 2819 393 2881 repeti
420 2834 472 2867 non
497 2825 582 2882 potest
606 2824 636 2868 ut
659 2820 716 2868 aliis

104 2903 178 2966 locis,
196 2903 228 2951 ef.
247 2902 284 2951 Cl.
295 2902 349 2964 23:
372 2905 489 2966 repertis
507 2906 556 2967 qui
572 2919 715 2967 sequeren-

104 2993 153 3036 tur.
180 2986 242 3035 Ner.
270 2985 315 3035 23:
342 2994 372 3036 ut
399 2990 511 3038 auderet
537 2989 715 3038 hortantibus.

103 3071 197 3120 Nostro
224 3074 278 3121 loco
304 3073 404 3122 similes
428 3079 492 3122 sunt
515 3075 574 3124 Tac.
591 3074 652 3138 Agr.
669 3073 715 3123 18:

102 3157 324 3216 aestimantibus;
352 3156 417 3206 Hist.
442 3157 516 3206 127:
543 3173 655 3207 calisam
672 3160 715 3207 di-

102 3255 209 3303 9resaus
233 3240 454 3303 requirentibus;
484 3241 537 3290 Liv.
564 3243 587 3290 ll
613 3241 659 3305 23,
686 3243 714 3291 5:

102 3327 313 3387 sciscitantibus,
331 3327 404 3375 unde
420 3327 467 3375 itte
479 3326 588 3376 babitus
594 3344 604 3388 ;
622 3327 655 3376 lV
669 3327 714 3391 60,

101 3410 130 3461 1;
149 3412 300 3473 fatentibus
306 3427 316 3471 ;
335 3411 394 3460 XXI
412 3410 458 3474 46,
476 3410 522 3460 13;
542 3413 714 3472 timentibus;

103 3496 221 3546 xxxxii
238 3495 285 3559 16,
303 3495 332 3544 7:
350 3496 574 3554 admittentibus;
599 3497 665 3546 Plin.
684 3499 714 3547 H.

102 3581 132 3630 N.
164 3579 211 3644 27,
244 3578 290 3629 69:
324 3581 565 3643 adsperyentibus;
602 3583 711 3632 fortasse

101 3666 181 3715 etiarn
199 3667 257 3716 Tac.
275 3666 342 3714 Ann.
357 3665 393 3714 ill
404 3663 450 3714 31:
468 3667 714 3730 interropantibas;

1 3766 3 3770 ·
102 3749 154 3799 Liv.
167 3750 250 3799 XXlll
264 3749 309 3814 lt,
327 3749 356 3799 l:
375 3751 561 3813 ucetientibus,
580 3753 612 3800 ci.
623 3752 712 3816 Nipp-

101 3835 179 3885 Andr.
207 3836 240 3885 ad
265 3835 324 3885 Tac.
351 3835 418 3883 Ann.
437 3836 447 3883 l
466 3834 505 3884 29.
533 3837 631 3899 Driiger
649 3838 713 3887 Hist.

101 3919 175 3984 Synt.
194 3921 217 3969 Il
236 3936 258 3983 p.
279 3918 327 3968 789
344 3936 382 3984 sq.

133 4005 282 4054 secundum
296 4012 453 4067 praesentes
470 4007 555 4055 atabat
572 4022 606 4056 sc.
625 4008 713 4069 litem,

101 4091 132 4139 cl.
151 4090 205 4139 Liv.
223 4090 309 4139 Xlllll
326 4090 355 4154 l,
373 4090 402 4139 3:
421 4093 447 4140 ei
465 4091 510 4153 (sc.
527 4090 625 4155 plebis)
643 4107 713 4141 sem-

98 4190 149 4238 per
169 4177 245 4238 parti
265 4176 371 4239 adesse,
394 4178 542 4225 secandum
560 4192 621 4226 eam
639 4179 713 4226 litem

101 4261 204 4310 iudices
220 4261 302 4320 dare,·
327 4260 378 4310 cic.
397 4277 442 4324 pro
461 4262 533 4311 Rosc.
551 4277 618 4311 corn.
636 4260 665 4325 1,
683 4260 712 4310 3:

102 4347 246 4407 quominus
277 4347 425 4395 secundum
454 4361 499 4395 eas
527 4344 655 4407 (tabulas)
680 4347 713 4394 tis

101 4431 192 4493 detur,
209 4443 265 4479 non
281 4444 454 4490 recusamus;
473 4431 539 4479 Plin.
558 4445 596 4493 ep.
616 4430 661 4479 Vll
681 4430 712 4493 6,

100 4512 128 4563 9:
146 4515 247 4564 Finem
264 4515 411 4576 counitioni
428 4515 550 4576 quaestio
569 4515 713 4576 imposuit,

101 4613 168 4661 quae
194 4599 343 4648 secandune
369 4612 427 4647 reos
448 4600 524 4649 dedit
530 4616 540 4659 ;
566 4599 624 4648 Tac.
643 4600 710 4647 Ann.

100 4684 133 4732 lV
150 4682 197 4733 43:
215 4685 255 4732 ita
271 4685 420 4733 secundum
437 4685 583 4734 Messenios
600 4686 711 4743 datum·

102 4769 164 4818 Hist.
192 4768 228 4816 llI
255 4768 283 4817 7:
307 4769 449 4831 principia
476 4769 538 4818 belli
563 4771 711 4819 secundam

102 4852 245 4903 Flavianos
261 4855 340 4917 data,
359 4854 404 4902 ubi
421 4854 480 4903 vide
497 4854 638 4903 Heraeum.

772 2573 810 2615 est
827 2567 947 2616 desidiae
964 2581 996 2615 ac
1013 2565 1207 2626 neateyentiae.
1226 2562 1383 2612 Suetonium

772 2667 826 2700 rem
855 2666 907 2699 uon
931 2655 1053 2698 aceruate
1072 2662 1179 2697 narrare
1197 2645 1287 2709 (plane
1304 2661 1384 2710 exag-

771 2742 846 2800 gerat
872 2736 971 2786 Seneca
997 2735 1095 2796 apocol.
1120 2732 1166 2793 ln,
1193 2731 1220 2792 1)
1245 2733 1320 2780 docet
1338 2731 1384 2780 Dio

770 2820 816 2884 66,
842 2819 888 2883 18,
914 2819 943 2881 6,
977 2819 1124 2868 secundum
1150 2831 1231 2880 quern
1257 2815 1385 2865 Claudius

771 2922 792 2955 a.
812 2904 903 2968 tuelle
920 2906 1002 2953 edixit
1020 2919 1047 2953 se
1064 2907 1157 2952 contra
1174 2903 1297 2950 absentes
1314 2902 1385 2949 intra

770 2997 870 3040 certam
888 2991 958 3039 diem
977 2988 1212 3052 pronuntiaturum
1225 3001 1288 3035 esse.
1308 2986 1384 3035 Vitu-

772 3081 877 3140 peratur
900 3080 990 3123 autem
1014 3072 1154 3134 Claudius,
1178 3072 1248 3135 quod
1273 3076 1384 3119 netum

770 3163 877 3226 quidem
924 3160 1036 3222 respexit
1082 3164 1173 3206 utrum
1216 3156 1385 3220 neglegentia

770 3247 829 3310 quis
845 3246 949 3294 abesset
957 3258 992 3291 an
1006 3243 1163 3291 necessitate
1173 3243 1298 3290 detentus
1307 3245 1384 3289 esset.

803 3330 870 3378 Reos
895 3335 985 3377 tamen
1011 3341 1088 3388 saepe
1115 3341 1167 3375 non
1192 3327 1297 3374 auditos
1321 3340 1384 3375 con-

770 3414 904 3462 demnavit
930 3411 974 3473 (ci.
1002 3428 1022 3462 c.
1046 3411 1093 3474 37,
1119 3408 1177 3473 38),
1204 3411 1274 3473 quod
1299 3410 1386 3472 tangit

769 3499 869 3548 Seneca
895 3498 997 3561 Apocol.
1025 3496 1071 3559 to,
1099 3495 1128 3544 t:
1161 3495 1206 3544 dic
1231 3495 1301 3543 mibi
1323 3495 1385 3543 diue

770 3583 880 3644 Claudi,
908 3597 992 3644 auare
1015 3595 1182 3643 quemquam
1206 3594 1240 3628 eu
1258 3579 1300 3628 bis
1318 3594 1385 3642 quies

769 3682 891 3730 qtcasque
914 3667 1052 3730 occidisti,
1076 3673 1227 3728 antequam
1253 3666 1385 3714 decanea

768 3766 949 3814 copncsreres,
977 3757 1126 3812 antequam
1153 3750 1277 3810 audires,
1304 3750 1383 3797 danc-

768 3838 859 3886 nostri
877 3837 917 3896 11,
935 3837 964 3885 i:
984 3837 1082 3898 incipit
1096 3842 1233 3898 patronus
1252 3835 1383 3883 reiteres-

765 3924 892 3986 pondere.
932 3922 1048 3985 Aeacus,
1088 3922 1166 3970 bomo
1201 3920 1384 3981 iustissimus,

766 4013 837 4056 uetat
871 4013 896 4055 et
930 4007 1010 4055 ittam
1045 4007 1131 4054 attera
1166 4012 1273 4054 tantum
1303 4010 1384 4066 parte

767 4093 863 4141 audita
880 4092 1041 4139 condemnat
1058 4097 1084 4138 et
1102 4091 1157 4138 ait:
1174 4085 1243 4137 Αἴκε
1260 4083 1343 4136 notua
1353 4083 1383 4135 τά

768 4173 787 4225 τ’
807 4173 893 4239 ἔρεξε,
911 4172 973 4237 δίκη
992 4171 1017 4222 κ’
1038 4171 1108 4223 ἰθεῖα
1126 4171 1233 4238 γένοιτο.
1246 4199 1279 4206 -
1291 4178 1382 4234 stupe-

769 4262 834 4309 bant
879 4275 972 4310 omnes
1014 4261 1132 4308 nouitate
1175 4260 1215 4308 rei
1258 4257 1384 4305 attoniti:

766 4346 903 4414 crepabant
921 4344 968 4393 boc
986 4359 1119 4405 uniquam
1136 4342 1248 4403 factum.
1269 4341 1383 4389 Claudio

767 4432 857 4492 *atrapis
874 4431 1005 4492 iniquum
1021 4429 1162 4477 ridebatur
1174 4442 1259 4490 quam
1273 4440 1382 4474 novum.

799 4515 993 4577 praecidendas
1018 4515 1134 4575 falsario
1152 4527 1260 4560 uranus.
1295 4510 1383 4558 nescio

767 4601 827 4662 ipris
850 4613 976 4647 ecorona
994 4598 1019 4645 id
1040 4597 1189 4646 membrum
1210 4612 1262 4659 quo
1280 4596 1379 4644 falsum

766 4684 935 4732 connnissnm
946 4687 1015 4731 esset
1022 4682 1227 4743 praecidendum
1234 4695 1291 4729 esse
1298 4683 1384 4729 excla-

767 4769 857 4830 mavit,
866 4773 894 4815 et
903 4768 1068 4829 vituperatur·
1075 4764 1201 4814 Claudius
1209 4766 1279 4828 quod
1290 4765 1381 4813 statim

768 4854 828 4907 huic
842 4853 897 4901 voci
906 4852 1068 4900 sententiam
1078 4865 1155 4898 suam
1165 4849 1382 4903 accommodavit.
