3322 5512
801 345 836 404 15

176 527 372 606 Germanici
399 553 590 628 cognomen
617 533 815 629 assumpsit.
850 535 973 607 Infans
998 543 1112 608 antem
1140 527 1281 608 relictus
1298 560 1319 607 a
1337 541 1453 631 patre,
1546 527 1585 610 C.
1613 537 1644 610 2.

176 681 217 730 ac
249 681 312 754 per
345 681 447 732 omnc
479 660 552 731 fere
578 657 748 753 pueritiae
773 667 877 753 atque
903 657 1162 732 adulescentiae
1188 667 1326 755 tempus
1351 660 1459 733 variis

177 791 210 855 et
242 783 424 859 tenacibus
458 782 588 856 morbis
623 783 840 857 conflictatus
874 792 945 875 est,
979 784 1067 857 adeo
1092 792 1131 856 ut
1155 783 1270 857 animo
1295 784 1397 857 simul
1425 793 1459 858 et

176 930 318 1004 corpore
343 908 523 1000 hebetato,
549 931 593 981 ne
619 931 807 1003 progressa
832 907 973 1002 quidem
999 917 1114 981 aetate
1139 909 1201 981 ulli
1227 909 1366 1004 publico
1391 909 1459 1005 pri-

178 1042 327 1128 vatoque
365 1031 498 1106 muneri
533 1032 661 1105 habilis
696 1032 962 1106 existimaretur.
1000 1033 1071 1106 Diu
1105 1041 1210 1127 atque
1243 1033 1347 1106 etiam
1382 1043 1460 1130 post

216 1266 276 1325 Dio
305 1268 360 1340 60,
389 1268 423 1340 2,
451 1268 528 1324 1=
547 1266 675 1325 Zonaras
706 1266 765 1339 XI,
797 1269 815 1325 8
847 1285 875 1343 p.
907 1267 966 1324 460
987 1291 1027 1314 --
1048 1264 1157 1324 Suidas
1189 1283 1211 1323 s,
1242 1284 1270 1323 v.
1300 1265 1459 1334 ritatem.

179 1372 213 1436 τὸ
238 1373 269 1436 δὲ
294 1372 329 1446 δὴ
355 1378 444 1450 σῶμα
468 1373 604 1447 νοσώδης.

216 1479 277 1538 Dio
299 1482 353 1552 60,
377 1482 412 1553 2,
433 1482 462 1539 4.
504 1475 560 1543 ἅτε
584 1479 645 1558 γὰρ
670 1479 704 1542 ἐκ
729 1476 846 1542 παίδων
871 1476 900 1541 ἔν
921 1503 954 1542 τε
978 1477 1119 1561 vennesta
1144 1517 1183 1528 -
1208 1477 1347 1559 τραφείς.

219 1586 335 1645 Seneca.
357 1587 498 1662 apocoloc.
522 1589 558 1661 3,
581 1590 603 1645 l.
626 1588 732 1646 Annus
754 1585 960 1661 sexagesimus
980 1591 1011 1645 et
1031 1592 1156 1662 quartus
1177 1592 1238 1659 est,
1260 1603 1298 1645 ex
1320 1603 1460 1662 quocum

627 1692 725 1751 anima
746 1693 885 1750 luctatur.

277 1844 293 1873 „
410 1844 427 1873 „
502 1802 539 1874 4,
562 1802 590 1858 2.
633 1798 800 1876 (Claudius)
821 1798 911 1857 desiit
932 1798 1034 1857 vivere
1056 1799 1159 1858 videri.

278 1950 294 1981 „
410 1950 425 1980 „
503 1910 522 1965 6
530 1951 537 1980 ,
562 1908 586 1965 1.
629 1924 684 1982 ego
694 1904 901 1982 (robustum
914 1905 994 1978 dico,
1009 1924 1085 1982 qnae
1096 1924 1164 1965 oum
1175 1906 1228 1964 illo
1238 1910 1282 1964 tot
1293 1904 1379 1963 annis
1390 1904 1459 1962 vixi.

217 2013 277 2072 Dio
300 2015 355 2087 60,
378 2016 414 2088 2,
436 2016 455 2072 4
476 2039 516 2064 --
537 2014 606 2072 Zon.
628 2013 647 2072 l.
668 2013 687 2071 l.
730 2011 781 2075 ἐπὶ
814 2018 918 2075 πλεῖον
949 2019 1004 2084 τῆς
1027 2009 1179 2086 ἀληθείαις
1203 2009 1343 2085 εὐήθειαν
1369 2034 1459 2090 προσ-

179 2118 392 2196 ποιησάμενος.

222 2227 282 2286 Tac.
305 2230 385 2287 Ann.
413 2227 463 2302 VI,
486 2229 535 2286 46.
577 2228 676 2286 Etiam
706 2227 743 2286 de
773 2225 897 2285 Claudio
919 2226 1043 2301 agitanti
1066 2224 1222 2302 (Tiberio),
1245 2224 1462 2283 —imminuta

567 2352 652 2393 mens
673 2335 738 2394 eins
760 2333 884 2392 obstitit.

250 2485 266 2514 „
339 2486 355 2515 „
406 2441 466 2515 XI,
490 2443 540 2500 28.
583 2446 756 2518 reputantes
778 2441 914 2499 hebetem
937 2439 1104 2498 Claudium.

221 2547 329 2607 Seneca
347 2549 487 2623 apocoloc.
509 2550 539 2622 1,
564 2550 586 2606 1.
605 2547 658 2607 ille
679 2547 730 2624 qui
752 2565 857 2606 verum
877 2546 1066 2622 prouerbium
1081 2547 1207 2619 fecerat,
1229 2552 1281 2611 arnt
1295 2565 1395 2622 regem
1410 2552 1462 2604 aut

181 2655 297 2713 fatuum
317 2654 402 2713 nasci
424 2660 567 2731 oportere.

228 2760 324 2820 Victor
348 2760 428 2820 Caes.
451 2761 510 2835 IV,
530 2763 554 2819 1.
596 2778 700 2820 vecors
720 2761 806 2819 iuxta
826 2765 916 2836 atque
937 2759 1101 2819 immemor.

219 2868 343 2945 (Victor)
363 2868 500 2944 Epitomc
520 2867 577 2941 IV,
601 2870 629 2926 2.
672 2868 741 2944 qnia
762 2885 865 2926 vecors
886 2871 958 2925 erat.

280 3019 295 3049 „
427 3019 443 3048 „
535 3019 551 3048 „
605 2976 633 3033 3.
675 2992 778 3033 vecors
800 2993 835 3032 ac
855 2991 948 3050 prope
969 2974 1069 3032 hebes.

219 3081 279 3140 Dio
302 3083 357 3156 60,
380 3083 460 3154 2,1.
503 3083 546 3155 μὴ
580 3082 647 3159 πρὶν
680 3082 709 3143 ἕν
742 3079 890 3162 ἡγεμονίᾳ
925 3078 980 3144 τινὶ
1009 3079 1042 3143 τὸ
1068 3079 1220 3158 napinam
1247 3078 1462 3162 ἐξητασμένος.

220 3188 280 3247 Dio
304 3190 358 3261 60,
390 3190 425 3261 2,
454 3191 483 3246 4.
506 3213 545 3237 =
566 3187 637 3246 Zon.
666 3187 685 3246 l.
707 3188 726 3247 l.
748 3188 918 3248 :Studes
947 3206 969 3246 s.
991 3207 1018 3245 v.
1044 3187 1203 3257 Κλκύδιος.
1228 3187 1280 3250 nni
1312 3189 1341 3250 ἐν
1374 3187 1463 3268 φόβῳ

182 3295 289 3374 πολλῷ
314 3294 452 3376 roxaria.

182 3590 314 3640 inanimus
334 3590 406 3639 solus
423 3591 448 3639 id
468 3596 585 3653 gereret,
610 3594 637 3638 et
654 3588 794 3650 Clamlins,

181 3691 243 3724 cum
274 3673 449 3724 Germanicus
481 3675 508 3723 in
541 3675 672 3723 familiam
699 3674 793 3722 lnliam

181 3760 343 3816 transiisset,
376 3761 433 3809 iure
466 3774 513 3807 suo
540 3773 685 3822 cognomen
714 3759 795 3820 patris

182 3845 336 3907 assumpsit.

215 3927 319 3990 Infans.
338 3918 418 3977 naurs
430 3929 503 3977 enim
517 3934 574 3978 erat
584 3943 668 3977 unum
680 3943 794 3990 annum,

183 4026 301 4073 mensem
320 4027 420 4075 unum,
438 4013 564 4061 tredecim
583 4014 644 4062 dies.

215 4099 309 4147 eninm
326 4102 352 4146 et
369 4111 480 4160 corpore
499 4097 628 4147 hebetato.
646 4099 678 4146 cl.
695 4097 796 4147 Seneca

182 4197 220 4245 ep.
248 4179 294 4244 ts,
319 4179 349 4231 9:
374 4181 420 4230 Sic
441 4182 564 4244 podnpra
582 4189 608 4231 et
625 4183 754 4244 cluanprn
771 4188 796 4230 et

182 4267 271 4315 enanis
294 4266 483 4315 vertebrarum
506 4267 583 4315 dolor
605 4273 630 4315 et
650 4281 796 4316 neruorum

182 4350 382 4413 interquiescit,
409 4366 471 4400 cunr
494 4352 543 4400 illa
565 4366 636 4413 qliae
654 4352 796 4413 torquebat

183 4433 501 4498 trecennis-impetos
520 4451 598 4486 cnoro
611 4436 797 4498 exstinprn'tur

182 4525 208 4568 et
225 4518 294 4581 finis
311 4520 422 4570 dolendi
440 4528 480 4570 est
496 4522 673 4585 obtorpuisse.

214 4602 324 4666 publico
349 4605 509 4668 privatoque
535 4607 651 4655 nanneni.
687 4605 796 4654 Coniec-

182 4691 244 4736 tura
277 4686 426 4737 Gasauboni
459 4704 489 4739 ve
525 4706 569 4752 pro
601 4705 653 4753 qim
684 4690 797 4753 legentis

182 4773 330 4821 necessaria
364 4787 417 4821 non
451 4780 505 4837 est,
540 4775 572 4822 cf.
601 4775 688 4822 locum
719 4774 796 4836 plane

182 4857 312 4919 similem,
344 4855 402 4918 (ubi
435 4857 503 4906 nihil
535 4855 656 4918 adnotat)
682 4857 737 4906 Tib.
764 4856 797 4906 30

849 3604 936 3652 neque
952 3596 1009 3638 tarn
1021 3605 1139 3652 pannum
1150 3592 1300 3652 quicquum
1309 3604 1396 3652 neptae
1407 3596 1464 3639 tant

849 3689 983 3735 'tirannum
999 3675 1101 3737 publici
1118 3676 1277 3737 privatique
1293 3676 1404 3737 nepotii.

883 3759 981 3807 Munus
999 3758 1134 3821 publicum
1153 3775 1204 3808 non
1221 3765 1262 3808 est
1279 3760 1464 3823 magistratus,

850 3844 909 3906 sed,
937 3848 967 3891 nt
994 3843 1153 3906 Pomponius
1177 3845 1241 3892 dicit
1266 3844 1322 3907 mg.
1349 3843 1393 3906 50,
1418 3841 1464 3906 tn,

850 3926 899 3975 239
921 3925 934 3989 ᾖ
958 3926 987 3977 3:
1012 3929 1136 3991 officium
1158 3930 1260 3991 privati
1280 3929 1413 3991 bominis,
1432 3943 1465 3978 eoo

850 4027 903 4075 qno
926 4014 1097 4061 rotirlnodunr
1121 4015 1156 4062 ad
1173 4014 1294 4075 sinprrlos
1311 4015 1465 4063 anniversos·

850 4111 902 4159 prce
944 4098 1012 4146 ciues
1054 4113 1166 4160 senique
1208 4113 1302 4147 eornm
1350 4099 1465 4160 imperio

850 4182 1029 4243 incapistratus
1055 4183 1311 4232 entraordinmimn
1334 4183 1464 4244 peruenit.

850 4265 962 4314 Munera
988 4266 1090 4328 privata
1113 4272 1177 4315 sunt
1201 4267 1333 4316 eaosbcia
1351 4268 1465 4330 quaein

851 4350 944 4412 priuati
975 4350 1089 4413 gratiam
1117 4349 1193 4401 liunt.
1223 4351 1276 4400 Hoc
1302 4353 1357 4400 loco
1383 4352 1466 4415 igitur

851 4435 961 4483 indicari
980 4435 1098 4497 videtur,
1116 4434 1257 4484 Claudium
1271 4450 1324 4485 non
1338 4436 1464 4485 idoneum

851 4520 1022 4568 aestimatum
1064 4535 1133 4583 esse,
1178 4521 1248 4584 qnod
1286 4521 1317 4568 arl
1354 4533 1466 4568 r'nunera

851 4604 955 4666 publica
988 4604 1100 4666 attinet,
1136 4609 1166 4653 nt
1199 4605 1292 4667 iudex,
1326 4609 1400 4652 tutor
1425 4604 1464 4651 rel

850 4694 956 4737 mirator
1007 4688 1095 4758 fierct;
1150 4689 1220 4752 quorl
1273 4689 1304 4737 ad
1354 4702 1465 4737 rnnncra

851 4773 965 4834 priuata,
1001 4778 1031 4820 nt
1065 4758 1141 4822 testis
1172 4773 1284 4822 alicuius
1317 4773 1354 4820 rei
1389 4772 1464 4820 adbi-

850 4858 965 4907 beretur.
