3322 5512
859 329 916 392 146

144 577 151 592 .
242 518 346 616 plicia
378 518 526 615 largitus
561 526 629 612 est,
671 529 705 593 et
735 518 873 615 quidem
900 519 1052 593 insciens
1078 518 1286 615 plerumque
1310 529 1346 594 et
1368 519 1527 615 ignarus.

244 643 298 717 Ac
331 669 375 718 ne
409 643 612 739 singillatim
643 643 778 717 minora
811 666 948 738 quoque
979 668 1198 737 enumerem,
1234 653 1418 718 revocatas
1443 644 1530 718 libe-

244 770 401 843 ralitates
438 768 531 861 eius,
569 767 699 841 iudicia
734 767 902 860 rescissa,
941 769 1141 864 suppositos
1181 779 1241 843 arnt
1272 769 1377 843 etiam
1410 770 1530 865 palam

242 895 442 967 immutatos
488 893 648 967 datorum
695 892 882 966 officiorum
928 892 1123 967 codicillos:
1170 893 1325 990 Appium
1368 894 1530 968 Silanum

282 1046 410 1120 Duco,
429 1048 479 1119 17,
497 1047 530 1120 2,
545 1048 573 1104 8.
615 1045 631 1118 ἡ
656 1045 682 1107 δ’
707 1039 754 1107 οὖν
779 1052 962 1108 Μεσσαλίνα
987 1039 1018 1108 οί
1033 1069 1068 1108 τε
1092 1042 1295 1124 ἀπελεύθεροι
1318 1047 1411 1110 αὐτοῦ
1436 1043 1530 1115 οὕτως

243 1156 273 1218 οὐ
297 1155 351 1227 τὴν
377 1151 532 1216 πολιτείαν
556 1149 660 1228 μόνον,
685 1151 750 1215 οὐδὲ
774 1150 832 1221 τας
856 1150 1019 1231 στρατείας
1042 1152 1094 1215 καί
1117 1151 1176 1222 τας
1200 1150 1395 1231 ε’πιτροπείας
1418 1150 1477 1224 τοίς
1495 1176 1530 1215 τε

241 1259 422 1337 ἡγεμονίας,
457 1257 546 1322 ιἰλλοὶ
580 1257 632 1322 καί
664 1256 771 1321 σε’ίλλα
804 1257 909 1322 ποίντα
942 1257 1077 1340 ἀφειδῶς
1100 1258 1235 1322 ἐπώλουν
1260 1257 1312 1321 καί
1336 1257 1530 1331 ε’καπνίλευον

242 1365 318 1431 ὥστε
342 1366 488 1431 σπανίσαι
512 1364 617 1429 πάντα
640 1363 682 1428 τα
706 1363 786 1429 ὤνια.

281 1474 615 1549 Βίοόθ,14,2.3(ο.
633 1472 767 1551 795142).
800 1473 911 1554 ἤρξατο
943 1471 975 1534 δὲ
1007 1472 1065 1534 τῶν
1090 1471 1188 1552 Φάναν
1213 1471 1323 1536 τούτων
1347 1471 1410 1536 cirri
1436 1472 1529 1536 Γαίου

242 1579 381 1645 Ἀππίου
413 1585 555 1644 Σιλανοῦ.
587 1585 691 1644 τοῦτον
723 1577 785 1657 γαρ
817 1577 1035 1654 εὐγενέστατόν
1067 1603 1100 1642 τε
1133 1576 1205 1642 ίντα
1237 1579 1289 1643 καί
1313 1587 1367 1653 τῆς
1390 1579 1529 1660 Ἰβηρίας

243 1687 312 1752 τότε
334 1686 474 1767 ίιρχονσα
498 1685 782 1766 μετεπεμψάμενος
806 1683 843 1756 ὥς
867 1710 896 1749 τι
919 1687 1012 1750 αὐτοῦ
1037 1685 1193 1762 δεόμενος,
1217 1686 1269 1749 καί
1285 1687 1338 1761 τήν
1356 1710 1390 1750 τε
1407 1685 1529 1765 μητέρα

243 1795 268 1859 oi
298 1797 352 1869 τὴν
380 1801 434 1867 τῆς
457 1791 656 1865 Μεσσαλίνης
681 1792 866 1864 συνοικίσας,
898 1791 948 1855 καί
972 1791 1061 1855 αὐτὸν
1087 1789 1116 1854 έν
1141 1816 1175 1855 τε
1199 1798 1260 1862 τοῖς
1283 1791 1451 1873 φιλτάτοις
1474 1793 1528 1856 καί

241 1901 271 1963 ἐν
304 1908 366 1970 τοῖς
389 1898 647 1975 συγγενεστάτοις
670 1899 777 1979 χρόνον
801 1897 869 1963 τινα
893 1898 1042 1975 τιμήσας,
1073 1896 1169 1961 ἔπειτ’
1195 1897 1347 1980 ἐξαίφνης
1371 1896 1527 1981 ἔσφαξεν,

241 2002 285 2070 iat
320 2015 357 2087 τῇ
390 2031 424 2070 τε
460 2004 639 2084 Μεσσαλίνη
677 2003 887 2085 προσέκρουσεν
924 2006 975 2068 οὐκ
1009 2002 1164 2076 ἐθελοίσας
1198 2007 1277 2084 αὐτῇ
1314 2004 1527 2080 συγγενέσθαι

243 2110 448 2192 πορνικοντοίτη
473 2136 507 2175 τε
531 2111 583 2175 καί
606 2112 825 2192 οὶσελγεστοίτη
848 2111 934 2190 adep,
959 2111 1011 2175 καί
1028 2112 1068 2191 τῷ
1087 2110 1248 2191 Ναρκίσσῳ
1266 2112 1306 2191 τῷ
1323 2111 1526 2193 ἀπελευθέρῳ

242 2220 333 2284 αὐτοῦ
358 2219 394 2282 δι’
419 2218 542 2292 ἐκείνην.

283 2327 391 2385 Seneca
410 2326 527 2402 Apocol.
549 2328 595 2399 11,
618 2329 645 2384 5.
688 2326 937 2402 Quandoquidem
966 2324 1054 2382 divus
1083 2324 1228 2385 Claudius
1249 2325 1362 2384 occidit
1383 2343 1525 2385 socerum

242 2451 329 2492 suum
349 2432 481 2510 Appium
503 2432 646 2492 Silanum.

239 2628 363 2677 Narcissi
380 2629 473 2690 qratia
491 2629 595 2691 nautas
612 2629 726 2691 leqionis
740 2631 771 2681 in
787 2630 854 2679 Ger·
908 2629 1024 2690 iqnarus
1048 2629 1118 2677 valet
1141 2644 1246 2693 caecus,
1271 2630 1303 2679 cf.
1322 2630 1382 2680 Tac.
1400 2631 1469 2681 Anu.
1489 2632 1526 2681 Xl

239 2714 366 2761 maniam
382 2714 483 2762 naissus
501 2719 547 2762 est.
908 2711 954 2762 13:
979 2712 1108 2762 Claudius
1129 2713 1304 2763 matrimonii
1326 2715 1369 2763 sui
1390 2715 1524 2777 iqnaius;

274 2798 453 2859 impunitates
476 2798 618 2859 supplicia.
642 2797 746 2861 Lipsius
763 2798 854 2860 legen·
909 2795 1527 2864 Hist.149:amicorumlibertorumqueusque

240 2881 305 2929 dum
320 2882 637 2944 censuitimmunitates‚
655 2896 735 2944 quern
746 2886 853 2931 secutus

240 2970 281 3014 est
298 2965 410 3015 Ernesti.
434 2964 484 3014 Sed
503 2964 733 3014 locusGalb.15:
754 2967 853 3015 donari

239 3053 333 3112 ¹qratia
344 3065 443 3113 passus
457 3056 496 3099 est
506 3051 853 3114 vectiqaliaimmunitatea

237 3151 340 3198 poenas
357 3135 543 3185 innocentium
561 3136 740 3198 impunitates
756 3137 851 3185 nonio-

239 3235 303 3269 rum
328 3220 402 3268 docet
425 3220 604 3268 coniecturam
623 3234 711 3283 neque
729 3234 851 3270 necessa-

239 3305 306 3353 riam
330 3319 387 3353 esse
410 3319 497 3368 neque
515 3310 623 3354 rectam.
648 3306 853 3368 Impunitatisa

238 3389 368 3438 libertinis
398 3404 536 3438 concessae
559 3392 711 3453 exemplum
735 3390 782 3439 dat
805 3391 851 3439 Dio

239 3473 285 3538 60,
302 3472 349 3538 lo,
366 3474 398 3522 2:
415 3469 467 3537 ἤδη
486 3470 510 3521 d’
530 3469 578 3522 οὖν
593 3490 658 3528 τινες
667 3470 714 3523 καὶ
723 3478 776 3522 τῶν
783 3471 852 3523 πάνυ

239 3555 382 3619 ὑπαιτίων,
405 3555 432 3606 οἱ
446 3553 495 3620 μὲν
511 3555 616 3623 χάρισιν
632 3557 661 3607 οῖ
675 3555 705 3608 di
723 3555 769 3608 καί
786 3556 852 3624 χρή-

237 3660 318 3706 μασιν
342 3640 395 3692 ὑπό
421 3659 448 3691 τε
473 3647 518 3708 τῆς
545 3641 714 3708 Μεσσαλίνης
736 3641 782 3693 καί
800 3640 852 3693 ὑπὸ

239 3731 292 3777 τῶν
324 3724 385 3792 περί
419 3723 464 3776 τὸν
497 3724 653 3792 Νάρκισσον
684 3726 852 3793 Καισαρείων

238 3808 424 3877 περιεγένοντο.

272 3899 413 3963 Praecipue
431 3913 492 3947 sero
510 3899 644 3948 civitatem
662 3899 852 3962 vendiderunt,

238 3985 270 4034 cf.
285 3985 331 4033 Dio
341 3981 388 4047 60,
405 3981 454 4046 17,
472 3983 501 4032 5:
518 3979 609 4031 πολλοὶ
619 3978 701 4047 αὐτὴν
711 3979 769 4047 (τὴν
778 3979 851 4031 πολι-

238 4067 318 4131 τείαν)
335 4063 407 4131 παρά
425 4083 451 4115 τε
469 4063 550 4116 αὐτοῦ
566 4063 669 4116 ἐκείνου
685 4063 797 4131 ᾐτοῦντο
805 4063 852 4116 καί

236 4149 309 4216 παρὰ
327 4157 372 4217 τῆς
389 4148 557 4216 Μεσσαλίνης
575 4155 628 4201 τῶν
643 4169 670 4200 τε
684 4150 852 4215 Καισαρείων

237 4234 368 4288 ἐωνοῦντο
391 4249 397 4260 ·
421 4233 467 4286 καί
498 4233 542 4286 dui
574 4241 651 4287 τοῦτο
676 4234 798 4302 μεγάλων
823 4233 851 4285 τὰ

236 4326 343 4386 πρῶτον
356 4317 502 4387 χρημάτων
509 4318 656 4385 πραθεῖσα,
671 4318 755 4372 ἔπειθ’
766 4319 852 4376 οὕτως

237 4404 289 4457 ὑπὸ
314 4412 360 4473 τῆς
382 4404 516 4472 εὐχερείας
534 4403 701 4470 ἕπευωνίοιθη
721 4403 851 4455 ὥστεκαὶ

237 4491 443 4558 λογοποιηθῆναι
468 4491 506 4541 ὅτι
530 4489 582 4541 κᾶν
602 4487 695 4540 ὑάλινά
713 4508 750 4546 τις
768 4488 850 4555 σκεύη

238 4575 440 4642 συντετριμμὲνα
459 4576 499 4641 δῷ
517 4594 564 4626 τινι
581 4573 688 4640 πολίτης
706 4573 784 4626 ἔσται.

270 4665 388 4715 insciens
404 4691 438 4698 -
454 4671 480 4714 ct
497 4665 619 4726 iqnamcs.
639 4663 690 4712 nisi
707 4662 851 4712 Suetonius

908 2884 943 2932 ed
961 2883 1071 2944 culpam
1094 2885 1218 2945 iqnarus.
1241 2884 1350 2944 (Eodem
1372 2899 1453 2934 seusu
1469 2886 1525 2934 for-

907 2975 978 3016 tasse
1017 2967 1196 3030 accipiendum
1228 2974 1269 3018 est
1294 2967 1368 3018 Suet.
1394 2968 1453 3020 Tib.
1476 2969 1524 3019 λάε

907 3053 1007 3101 amicos
1033 3053 1179 3114 increpans
1204 3059 1235 3101 ut
1259 3054 1385 3117 iqnuros,
1417 3061 1525 3116 quanta

908 3137 995 3185 belim
1012 3141 1079 3185 esset
1096 3125 1268 3199 imperium).

940 3221 1096 3284 officiorum
1110 3221 1253 3270 codicillos.
1272 3221 1319 3269 hos
1330 3221 1450 3284 princeps
1459 3222 1523 3271 mit·

907 3307 981 3356 tebet
997 3307 1030 3355 ad
1048 3310 1183 3355 senatores
1196 3305 1295 3369 quibus
1309 3304 1478 3369 dignitatem,
1496 3311 1524 3355 et

907 3392 938 3440 ad
957 3392 1061 3454 equites
1078 3391 1176 3454 quibus
1190 3388 1308 3438 officium
1318 3389 1397 3438 dabat
1406 3387 1525 3452 (praeter

907 3478 1016 3525 militias
1034 3480 1178 3540 equestres,
1196 3475 1229 3523 ad
1248 3489 1292 3523 eos
1309 3474 1396 3537 enim,
1414 3474 1462 3537 qui
1482 3475 1523 3524 his

907 3562 1009 3611 militiis
1032 3560 1150 3610 functuri
1167 3563 1256 3621 erant,
1281 3559 1411 3622 epistulae
1429 3559 1522 3608 mitte·

906 3644 1030 3710 huntur),
1048 3646 1080 3694 cf.
1090 3643 1252 3705 Hirschfeld,
1264 3642 1292 3691 V.
1308 3641 1337 3691 G.
1350 3641 1362 3690 Ι
1374 3656 1398 3704 p.
1407 3639 1457 3690 aot
1467 3641 1489 3690 Α
1498 3641 1522 3692 4.

906 3729 956 3780 266
964 3732 985 3780 Α
993 3729 1015 3780 3.
1026 3730 1093 3780 Cum
1101 3729 1223 3778 Karlowa
1231 3725 1318 3789 (Rem.
1329 3727 1519 3791 Rechtsgesch.

906 3815 917 3863 l
942 3829 964 3877 p.
983 3812 1044 3876 541)
1062 3813 1281 3877 subscriptionem
1299 3817 1406 3862 tantum
1429 3827 1523 3862 eorum

906 3914 989 3948 manu
1007 3899 1090 3961 ipsius
1111 3898 1234 3962 principis
1254 3898 1351 3947 factam
1369 3911 1427 3946 esse
1444 3898 1523 3946 credo

906 3988 998 4032 contra
1007 3982 1156 4032 Hirschfeld
1174 3984 1230 4045 l.l.‚
1246 3981 1523 4045 quitotosaprincipe

907 4069 1063 4131 perscriptos
1088 4068 1170 4116 fuisse
1195 4064 1333 4116 contendit
1356 4065 1442 4113 fretus
1464 4066 1522 4115 loco

907 4150 1161 4203 strennuitatis:
1185 4168 1252 4215 qua
1269 4153 1475 4216 epulatione
1489 4179 1523 4186 -

905 4239 1024 4288 senatori
1040 4235 1139 4299 (misit)
1157 4237 1307 4300 codicillos,
1324 4236 1423 4300 quibus
1437 4251 1522 4299 prae-

906 4329 991 4372 torem
1016 4324 1080 4372 'eum
1103 4329 1182 4372 entra
1204 4322 1330 4372 ordinem
1347 4322 1522 4386 dementabat,

906 4409 976 4456 unde
1000 4413 1092 4456 tamen
1110 4421 1154 4456 me
1170 4407 1258 4456 iudice
1274 4406 1300 4454 id
1318 4420 1370 4455 non
1386 4405 1520 4469 probatur.

905 4493 1023 4542 Libertos
1045 4497 1138 4542 contra
1160 4507 1178 4540 a
1195 4491 1325 4540 codicillis
1342 4489 1381 4552 (G.
1400 4490 1419 4540 l.
1438 4489 1466 4540 L.
1486 4490 1520 4540 Vl

905 4577 978 4628 oleo.
997 4575 1170 4626 atto-8442.
1184 4576 1243 4625 xlv
1253 4573 1331 4637 loll)
1340 4576 1392 4624 huc
1401 4580 1520 4639 spectare

906 4677 958 4711 non
976 4663 1067 4726 credo,
1085 4662 1117 4711 cf.
1136 4660 1284 4710 Hirschfeld
1303 4662 1320 4709 l.
1337 4661 1355 4710 l.
1373 4675 1396 4723 p.
1413 4658 1447 4709 60
1463 4659 1519 4710 λλ.

238 4765 310 4799 more
328 4746 776 4812 suo(cf.Baumgarten—OrusiuS‚
794 4748 850 4796 lnd.
938 4745 1060 4809 Appium
1077 4745 1213 4795 Silanum.
1232 4745 1519 4808 huicplenumnomen

238 4850 261 4898 p.
285 4833 331 4883 841
357 4832 407 4898 sq.)
433 4833 498 4883 haec
528 4833 688 4897 pleonastice
714 4833 851 4883 coniunxit
904 4832 957 4883 fuit
982 4830 1009 4881 C.
1036 4831 1136 4894 Appius
1161 4830 1254 4880 lunius
1277 4828 1397 4894 SilauuS,
1421 4829 1454 4880 cf.
1472 4829 1519 4879 Dio
