3322 5512
757 316 812 374 133

138 504 274 578 Verum
298 501 473 576 illecebris
500 500 732 597 Agrippinae,
768 499 966 573 Germanici
991 499 1110 573 tratris
1135 498 1189 572 sui
1215 498 1326 590 filiae,
1359 521 1422 594 per

137 626 196 700 ius
235 627 343 701 oscrrli
382 635 417 700 et
453 625 700 699 blanditiarum
738 625 938 699 occasiones
976 625 1145 721 pellectus
1183 624 1217 697 in
1251 646 1422 715 amorem,

136 752 347 827 subornavit
384 751 541 848 proximo
579 759 703 825 senatu
741 750 800 846 qui
841 758 1038 837 censerent,
1077 747 1272 844 cogendum
1305 771 1343 822 se
1377 748 1423 821 ad

136 877 338 950 ducendum
376 900 454 949 eam
479 898 641 967 uxorem,
675 873 775 971 quasi
803 874 851 949 rei
879 899 910 970 p.
936 873 1086 948 maxime
1111 874 1311 963 interesset,
1338 872 1422 946 dan-

184 1047 246 1105 Toa.
268 1049 348 1106 Ακνι.
369 1048 437 1106 XII
455 1049 484 1106 3.
526 1046 722 1106 Praevaluere
743 1046 817 1104 haec
837 1047 925 1122 (quae
940 1044 1039 1104 Pallas
1054 1044 1183 1120 dixerat)
1197 1044 1299 1103 adiuta
1312 1044 1422 1120 Agrip-

132 1152 228 1229 pinae
255 1153 420 1215 illecebris:
453 1155 491 1213 ad
519 1172 588 1214 eum
615 1171 670 1229 per
697 1152 828 1229 speciem
856 1151 1090 1211 necessitudinis
1119 1152 1222 1211 erebro
1250 1151 1422 1211 ventitando

132 1259 259 1336 pellicit
278 1266 433 1338 patruum,
462 1267 496 1320 ut
516 1261 648 1337 praelata
670 1257 794 1332 ceteris,
819 1258 876 1318 etsi
897 1258 1030 1317 nondum
1050 1276 1141 1332 uxor,
1163 1259 1296 1334 potentia
1316 1259 1423 1317 uxoria

133 1366 199 1425 iam
220 1372 364 1427 uteretur.

184 1474 246 1533 Tac.
268 1474 285 1532 l.
308 1474 325 1532 l.
350 1477 377 1533 5.
419 1473 451 1533 Ο.
480 1473 620 1550 Pompeio
650 1471 683 1546 Q.
716 1472 842 1531 Veranio
870 1490 930 1531 cos.
958 1478 1078 1548 pactum
1105 1471 1185 1531 inter
1211 1471 1370 1532 Claudium
1391 1479 1422 1533 et

134 1580 336 1656 Agrippinam
357 1580 577 1639 matrimonium
590 1580 650 1638 iam
663 1581 757 1649 fama,
778 1579 837 1638 iam
852 1597 951 1638 amore
964 1578 1070 1638 illicito
1084 1579 1271 1655 firmabatur;
1292 1579 1421 1638 necdum

135 1686 290 1746 celebrare
305 1687 459 1746 sollemnia
473 1687 645 1763 nuptiarum
659 1686 823 1759 audebant,
844 1687 927 1745 nullo
942 1687 1080 1762 exemplo
1095 1685 1244 1746 deductae
1257 1687 1290 1745 in
1301 1687 1422 1745 domum

135 1793 239 1870 patrui
264 1793 366 1853 fratris
393 1794 487 1852 filiae:
517 1794 590 1871 quin
617 1800 648 1853 et
675 1794 841 1869 incestum3
865 1828 911 1852 -.
940 1792 1004 1852 Nec
1033 1798 1101 1852 ante
1129 1793 1238 1852 omissa
1259 1793 1421 1868 cunctati0,

137 1920 230 1978 quam
250 1901 393 1961 Vitellius
414 1900 477 1960 suis
491 1901 605 1959 artibus
619 1901 651 1959 id
664 1901 899 1977 perpetrandum
913 1901 1049 1978 sumpsit.
1064 1935 1103 1943 —
1118 1901 1167 1978 (7).
1181 1901 1271 1959 Haud
1286 1901 1421 1977 deluere,

138 2009 191 2086 qui
212 2009 362 2082 certatim,
383 1993 409 2067 si
431 2014 621 2068 cunctaretur
643 2008 752 2068 Caesar
772 2008 979 2086 (Agrippinam
1001 2008 1135 2084 ducere),
1157 2009 1186 2067 vi
1204 2012 1323 2067 acturos
1337 2009 1420 2068 testi-

138 2119 263 2176 ficantes
283 2122 474 2193 erumperent
495 2115 584 2174 curia.
606 2150 645 2158 -
670 2114 734 2175 Nec
755 2116 899 2175 Claudius
921 2117 1000 2175 ultra
1020 2122 1193 2192 exspectato
1215 2115 1320 2175 obvius
1340 2116 1421 2193 apud

138 2224 236 2281 forum
264 2224 386 2299 praebet
413 2241 445 2282 se
472 2223 673 2299 gratantibus,
702 2229 899 2300 senatumque
923 2223 1078 2299 ingressus
1100 2223 1254 2282 decretum
1273 2224 1420 2300 postulat,

141 2349 199 2407 quo
230 2330 327 2389 iustae
357 2331 436 2389 inter
465 2336 587 2407 patruos
616 2331 802 2407 fratrumque
833 2331 910 2389 filias
941 2330 1063 2407 nuptiae
1091 2331 1181 2390 etiam
1208 2331 1239 2389 in
1268 2336 1420 2407 posterum

144 2445 355 2496 statuerentur.
387 2436 452 2496 Nec
472 2443 571 2496 tamen
593 2441 730 2514 repertus
751 2442 797 2496 est
818 2437 876 2495 nisi
898 2455 976 2495 unus
997 2438 1066 2496 talis
1087 2437 1267 2497 matrimonii
1288 2437 1420 2514 cupitor,

143 2544 281 2603 Alledius
319 2543 463 2618 saverne,
502 2562 595 2621 eques
626 2544 793 2617 RomanuS,
831 2562 920 2621 quem
951 2544 1087 2621 plerique
1115 2543 1298 2621 Agrippinae
1325 2545 1421 2621 gratia

141 2651 305 2728 impulsum
326 2652 469 2710 terebant.

179 2757 239 2816 Dio
262 2759 316 2831 60,
340 2759 391 2831 31,
414 2760 441 2816 6.
482 2757 534 2821 κοιδ
567 2760 637 2834 μετ’
662 2758 763 2834 ο’λι’γον
791 2759 845 2831 τὴν
869 2757 1040 2838 ἀδελφιδῆν
1064 2759 1277 2838 Ἀγριππῖνοιν
1302 2757 1418 2837 έγκμε,

140 2863 191 2935 τὴν
223 2869 274 2928 τοῦ
307 2863 451 2940 Δομιτίου
475 2870 526 2928 τοῦ
551 2863 684 2944 Νέρωνος
708 2862 975 2941 ἐπονομασθέντος
999 2863 1117 2944 μκτέροο
1143 2888 1150 2901 ·
1174 2865 1226 2929 κοιὶ
1250 2864 1311 2947 γὰρ
1336 2868 1418 2941 κοιλὶρ

139 2964 171 3042 ἦν
195 2969 247 3032 κοιδ
270 2970 404 3049 συνεχῶς
428 2971 509 3049 αὐτῷ
534 2969 739 3052 προσεφοέτοι,
764 2968 838 3047 μόνη
863 2995 897 3034 τε
921 2971 958 3041 ὡς
974 2971 1027 3034 κοιδ
1044 2968 1117 3050 θείῳ
1134 2971 1346 3048 συνεγίγνετο,
1368 2971 1419 3036 κοοδ

139 3077 359 3158 τρυφερώτερον
383 3077 399 3152 ἢ
423 3078 476 3141 aab
493 3077 648 3159 οὶδελφιδῆ
666 3079 753 3165 (κκτ’
767 3079 937 3161 ἀδελφιδῆν
950 3099 977 3138 v,
990 3077 1191 3166 Herwerden)
1207 3078 1418 3161 προσεφέρετο.

179 3186 239 3244 Dio
260 3185 341 3261 opacat
363 3185 434 3244 Ζοιι.
455 3184 507 3243 XI
523 3187 560 3244 10
575 3204 607 3261 p.
632 3187 703 3245 468.
746 3184 854 3262 λόγους
878 3188 907 3250 ἐν
932 3194 968 3266 τῇ
993 3185 1090 3266 βουλῇ
1109 3186 1121 3248 ὁ
1143 3185 1320 3257 Οὐιτέλλιος
1336 3188 1418 3252 ἕποι-

138 3292 233 3366 ήσοιτο
258 3288 301 3354 ὅτι
325 3289 474 3373 συμφέρει
498 3291 539 3371 τῷ
563 3292 645 3371 κοινῷ
670 3299 771 3369 γῆμοιι
795 3293 844 3356 τὸν
870 3293 1030 3358 Κλαύδιον.
1055 3291 1106 3355 κκὶ
1129 3293 1183 3366 τὴν
1207 3294 1418 3373 Ἀγριππῖνοιν

139 3397 311 3473 ἐπιτήδειον
344 3399 385 3469 εἰς
415 3403 502 3462 τοῦτο
533 3397 708 3480 οὶπέφκινε,
743 3399 795 3463 aab
826 3397 1003 3477 βιοέσοισθοιι
1034 3397 1136 3480 σφέσιν
1167 3399 1256 3463 αὐτὸν
1288 3400 1339 3464 ἐπὶ
1369 3401 1418 3466 τὸν

139 3505 241 3582 γέμον
267 3504 490 3581 συνεβούλευεν.
515 3503 655 3570 ἐντεῦθεν
680 3504 865 3586 ὁρμηθέντες
889 3507 914 3570 οἱ
937 3505 1103 3584 βουλευταὶ
1120 3505 1192 3587 πρὸς
1205 3505 1255 3570 τὸν
1269 3508 1418 3572 Κλοούδιον

139 3605 234 3684 ἦλθον
268 3612 321 3676 κοοὶ
352 3611 533 3688 ἠνοέγκοοσοον
566 3610 659 3685 δῆθεν
692 3613 781 3677 οιύτὸν
814 3621 934 3691 γῆμκι,
970 3615 1022 3678 κοιὶ
1053 3615 1207 3696 φήφισμοο
1239 3615 1418 3687 ε’ποιήσοιντο

138 3721 248 3802 ἐξεῖναι
271 3718 427 3796 Ῥοιμοοέοις
450 3720 626 3802 ἀδελφιδοῖς
650 3719 788 3797 ι’έγεσθοοι
814 3744 820 3758 ·
846 3721 986 3801 πρότερον
1011 3719 1071 3801 γοέρ
1096 3720 1272 3785 ἐκεκώλυτο.

177 3827 292 3903 Josepb.
314 3829 384 3885 Aut.
405 3826 470 3885 Iud.
491 3827 558 3885 XX
578 3829 613 3901 8,
635 3830 665 3901 1,
687 3831 752 3887 149.
795 3829 983 3908 χνρεύουσοον
1026 3829 1120 3902 ababa
1165 3827 1415 3915 (Ἀγριππῖνον)

138 3930 188 3997 ἐπὶ
212 3933 307 3997 πολὺν
331 3931 437 4012 χρόνον
462 3933 610 4003 Κλαύδιος
634 3932 748 4010 οέγετκι
773 3934 846 4015 πρὸς
870 3933 982 4011 γοέμον.

179 4041 258 4100 Plat.
280 4042 350 4099 Ant.
373 4043 420 4100 87.
461 4041 656 4120 Ἀγριππῖνον
680 4079 724 4088 -
748 4040 886 4120 Κλοιυδέιρ
912 4041 1040 4120 Κκίσοιρι
1065 4038 1222 4120 συνῴκησε.

138 4233 220 4280 talem
245 4231 317 4280 enim
343 4229 480 4294 Augustae
507 4231 633 4280 celebrari
657 4231 748 4280 verisi-
804 4232 936 4293 ficturum.
964 4233 1045 4280 Paulo
1070 4237 1126 4294 post
1143 4230 1178 4294 (a.
1196 4229 1299 4294 euulsa)
1318 4233 1345 4282 in
1364 4235 1417 4283 exi·

139 4317 215 4377 mile,
232 4331 293 4365 cum
311 4316 344 4364 de
361 4315 443 4364 natali
460 4331 580 4364 sororum
599 4314 656 4365 Gaii
673 4331 749 4378 prop·
804 4318 870 4366 lium
888 4318 969 4366 missa
985 4322 1038 4379 est,
1059 4317 1189 4366 bonorum
1208 4317 1324 4366 maxima
1342 4324 1416 4380 parte

139 4407 179 4449 ter
210 4401 279 4449 diem
305 4405 332 4449 et
358 4405 463 4463 tempus
489 4401 597 4464 eogitari
625 4406 748 4464 nequeat.
803 4400 949 4465 (praedives
974 4407 1065 4450 autem
1092 4406 1161 4464 erat,
1188 4402 1220 4450 cl.
1248 4402 1313 4450 Plin.
1341 4403 1358 4451 l.
1385 4402 1414 4465 l.)

139 4487 236 4537 Fautor
258 4487 315 4535 eius
332 4487 402 4549 apud
420 4485 561 4535 Claudiurn
580 4492 638 4535 erat
655 4486 749 4536 Gallis·
804 4488 948 4550 publicata,
972 4488 1004 4537 cf.
1027 4487 1085 4536 Tac.
1110 4487 1177 4535 Ann.
1201 4485 1248 4534 llll
1272 4483 1317 4548 32,
1344 4486 1414 4535 etin

139 4577 195 4634 tus,
214 4573 246 4622 cf.
263 4572 323 4622 Tac.
341 4573 408 4621 Ann.
426 4572 473 4621 llll
491 4572 520 4621 δι
538 4570 679 4633 (Callistus
692 4573 749 4621 elis-
803 4573 881 4621 exilio
904 4573 978 4620 iussu
997 4571 1154 4634 Agrippinae
1173 4585 1188 4618 a
1205 4568 1312 4618 tribuno
1330 4569 1415 4618 inter-

138 4655 252 4718 serebat)
269 4658 400 4719 lonpeque
416 4657 515 4705 rectius
529 4656 750 4706 Lolliaminelaca'
803 4658 872 4705 lecta
893 4655 962 4715 (Tac.
981 4658 997 4704 l.
1016 4657 1032 4704 Ι.
1053 4654 1110 4703 xlv
1128 4651 1179 4714 lu).

139 4742 248 4803 ιριιιιιιάο
265 4741 353 4790 nullos
370 4741 466 4789 liberos
483 4742 620 4802 parauisset
636 4756 750 4790 vacuom
836 4741 1015 4803 Agrippinae.
1033 4740 1101 4788 Iulia
1119 4739 1260 4801 Agrippina
1277 4745 1340 4788 nata
1359 4747 1417 4790 erat

138 4826 320 4875 aemulatione
344 4832 370 4875 et
392 4826 532 4888 pricipale
555 4828 679 4888 parentis
696 4828 750 4875 loco
792 4841 826 4894 a.
850 4827 874 4874 d.
898 4825 956 4876 Vlll
979 4826 1013 4875 id.
1036 4825 1099 4874 Nou.
1118 4822 1162 4887 (cf.
1181 4829 1241 4875 acta
1258 4824 1290 4873 ir.
1308 4823 1368 4873 Arv.
1388 4823 1415 4876 G.
