3322 5512
227 530 313 628 Cap.
339 532 439 607 VIII.
489 531 565 604 Nec
590 553 631 604 eo
655 530 770 604 minus
795 529 1013 604 contumeliis
1038 528 1208 602 obnoxius
1233 527 1328 600 vixit
1360 528 1449 599 Nam
1555 533 1594 607 C,
1622 537 1653 607 81,

180 665 214 730 et
254 655 283 729 si
322 656 427 751 paulo
461 655 574 729 serius
607 654 653 727 ad
687 654 902 750 praedictam
936 677 1044 726 cenae
1078 652 1199 725 horam
1235 651 1462 742 occurrisset,

178 781 314 855 nonnisi
339 803 445 876 aegre
471 789 505 853 et
531 779 671 852 circuito
697 778 838 852 demum
863 778 1010 852 triclinio
1036 776 1284 873 recipiebatur,
1320 785 1354 849 et
1379 799 1462 871 quo-

91 950 95 957 ·
179 904 269 978 tiens
290 912 369 1000 post
386 903 501 977 cibum
517 900 807 994 addormisceret,
833 901 926 997 quod
945 902 976 974 ei
993 904 1066 975 fere
1084 900 1281 992 accidebat,
1307 901 1462 974 olearum

180 1038 240 1103 aut
264 1028 499 1126 palmularum
525 1026 664 1100 ossibus
689 1027 948 1120 incessebatur,
975 1025 1149 1100 interdurn
1175 1026 1290 1099 ferula
1305 1025 1462 1121 fiagrove

180 1153 277 1227 velut
309 1176 372 1249 per
404 1152 526 1225 ludum
561 1151 777 1225 excitabatur
811 1177 832 1225 a
866 1152 1009 1246 copreis.
1048 1151 1215 1225 Sciebant
1241 1159 1276 1224 et
1300 1150 1462 1223 manibus

808 347 844 404 31

222 1315 301 1374 Suet.
327 1315 387 1374 Gai
408 1316 460 1373 23.
501 1313 579 1373 Nam
600 1313 759 1373 Claudium
776 1319 917 1389 patruum
932 1312 1050 1371 nonnisi
1064 1312 1096 1370 in
1110 1313 1273 1371 ludibrium
1289 1312 1460 1372 reservavit.

257 1465 273 1495 „
323 1421 402 1480 Nero
425 1424 451 1480 6.
493 1422 680 1497 Aspernante
701 1420 881 1496 Agrippina,
903 1419 984 1496 quod
1004 1426 1069 1478 tum
1085 1419 1228 1479 Claudius
1241 1419 1320 1478 inter
1332 1419 1462 1477 ludibria

180 1531 264 1590 aulae
286 1537 358 1590 erat.

222 1637 330 1697 Seneca
350 1636 493 1713 Apocoloc
513 1638 566 1710 15,
590 1638 618 1694 2.
659 1636 807 1712 Apparuit
828 1637 927 1695 subito
950 1636 981 1695 Ο.
1005 1635 1128 1707 Caesar,
1149 1640 1180 1694 et
1199 1640 1302 1710 petere
1323 1634 1409 1691 illum
1430 1633 1462 1690 in

181 1743 356 1803 servitutem
383 1744 495 1820 coepit,
523 1742 661 1819 producit
688 1748 796 1816 testes,
824 1743 876 1819 qui
904 1743 1040 1802 viderant
1067 1743 1104 1801 ab
1124 1742 1176 1799 illo
1197 1740 1313 1816 flagris,
1341 1740 1462 1813 ferulis,

181 1851 313 1927 colaphis
333 1851 532 1927 vapulantem.

178 2060 283 2122 passim
315 2064 342 2107 et
371 2058 498 2108 certatim
529 2058 586 2106 ruit
616 2058 791 2121 „Felicitert”

181 2143 357 2191 succlamant.
367 2142 422 2190 Iuv.
433 2143 456 2191 lI
465 2140 527 2191 tto:
538 2142 669 2205 SIpnatuc
679 2144 792 2207 tabulae,

181 2226 286 2275 dictum
302 2225 459 2287 „feliciter'’.

214 2311 328 2359 ctreatto
347 2311 472 2360 trr'cttnio.
504 2312 650 2361 triclinium
670 2313 793 2363 hocloco

181 2399 221 2443 est
235 2397 407 2458 cenaculum,
423 2396 451 2445 in
464 2411 517 2460 quo
530 2400 666 2460 complura
679 2400 794 2448 triclinia

181 2483 251 2528 sunt.
278 2479 347 2529 Nam
373 2482 492 2545 princeps
517 2480 560 2544 (ut
584 2484 640 2547 ipse
666 2483 794 2534 Claudius

182 2569 285 2626 postea,
303 2565 335 2614 cf.
348 2580 369 2614 c.
378 2563 423 2627 31)
441 2569 541 2617 multos
559 2569 680 2618 convivas
699 2569 793 2618 cotidie

182 2648 214 2695 ad
232 2663 325 2697 cenam
340 2649 457 2700 vocabat.
475 2650 586 2701 Glartdio
599 2654 687 2702 locum
699 2668 793 2716 suum,

182 2747 262 2795 quem
294 2736 489 2798 nomenclator,
524 2737 599 2786 euius
630 2735 719 2786 olliicii
746 2737 795 2786 hoc

181 2821 252 2880 erat,
270 2832 323 2866 non
343 2818 435 2868 statim
451 2820 632 2883 assignaverat
650 2819 694 2883 (cf.
711 2821 794 2871 ntue-

182 2916 265 2951 naeus
280 2903 304 2952 11
330 2903 361 2952 17
379 2902 424 2967 Ε),
447 2905 588 2968 quaerenti
609 2910 696 2954 totum
713 2920 793 2955 cena-

182 2987 272 3035 culum
288 2978 529 3049 perambulandum
546 2994 617 3053 erat,
632 2991 716 3053 quod,
732 3005 793 3039 cum

182 3071 292 3119 moleste
315 3071 450 3120 incederet
472 3071 517 3134 (cf.
533 3073 592 3123 Sen.
608 3075 742 3138 Apocoloc.
762 3073 792 3138 1,

181 3153 210 3203 1ι
236 3169 292 3205 non
312 3157 440 3218 passibus
466 3158 572 3221 mauis)
595 3174 703 3209 cansam
725 3160 793 3208 hila-

182 3239 268 3289 ritatis
285 3240 435 3302 praebebat.

215 3324 339 3387 quotiens
347 3325 566 3376 addortnisoeret.
588 3327 795 3376 huncconiunc·

181 3408 265 3457 tivum
289 3408 437 3458 iterationis
458 3412 499 3458 vel
521 3413 672 3474 generalem
690 3411 795 3474 saepius

182 3491 325 3541 Suetonius
340 3493 428 3543 habet.
442 3493 484 3544 Sic
494 3499 551 3557 post
566 3496 704 3558 quotiens:
721 3494 793 3545 Caes.

181 3576 205 3626 1.
224 3576 265 3627 16.
289 3575 414 3642 1111113.
433 3576 474 3627 11.
497 3578 538 3628 37.
562 3578 602 3628 38.
626 3579 666 3628 11.
692 3579 733 3629 15.
754 3579 794 3629 77.

181 3661 220 3711 119.
238 3662 294 3712 Tib.
311 3661 352 3712 19.
371 3662 444 3712 Galb.
459 3662 506 3726 103
531 3668 589 3726 post
598 3665 697 3714 sicubi:
720 3664 794 3714 Caes.

181 3746 227 3809 16;
264 3751 323 3810 post
353 3748 480 3797 sicunde:
519 3747 576 3798 Gai.
605 3748 635 3810 43
672 3753 730 3811 post
764 3754 795 3797 at

181 3829 236 3880 Tib.
254 3829 295 3880 65.
313 3831 365 3880 Vit.
383 3830 424 3880 tt.

214 3917 433 3966 addormiaceret.
446 3913 517 3973 ἅπαξ
524 3912 672 3980 λεγόμενον,
682 3916 713 3965 ad
723 3918 794 3979 quod

182 3998 251 4049 Sittl.
266 3998 372 4061 (Archiv
388 4001 432 4049 fiir
449 4001 506 4050 Lat.
524 4001 656 4064 Lericogr.
672 4003 683 4050 l
697 4016 719 4063 p.
733 4000 795 4063 477)

182 4090 242 4147 apte
265 4085 380 4134 contulit
398 4085 508 4134 verbum
527 4085 687 4147 Hispanum:
710 4085 793 4132 udor-

181 4184 276 4219 rnecer.
319 4169 401 4232 Saepe
443 4170 599 4232 praepositio
645 4171 681 4218 ad
719 4171 795 4219 initio

182 4255 292 4304 actionis
315 4256 357 4303 vel
379 4257 467 4303 status
490 4253 660 4316 exprimendo
684 4254 795 4303 inservit

182 4335 225 4400 (cf.
236 4354 258 4388 e.
268 4353 307 4402 g.:
329 4339 495 4388 addormire.
513 4337 582 4388 (lael.
593 4338 682 4387 Aurei.
693 4344 794 4388 acutar.

182 4424 294 4486 passion.
307 4422 335 4486 1,
349 4420 395 4486 11,
408 4421 454 4483 83;
469 4423 609 4472 adesart‘re
619 4423 704 4472 Plaut.
713 4422 794 4482 Stich.

182 4505 245 4571 180,
262 4507 382 4556 Trinum.
399 4505 474 4569 169),
491 4508 577 4556 rarius
587 4513 678 4556 tamen
694 4508 794 4572 signifi-

183 4593 249 4642 catio
267 4592 419 4641 incohativa
436 4606 481 4653 per
497 4592 581 4653 ipsam
595 4592 708 4641 formam
724 4593 795 4642 verbi

182 4677 235 4725 iarn
264 4677 382 4726 indicata
413 4678 567 4725 cumulatur
593 4676 683 4725 addita
708 4691 794 4739 praep.

182 4763 231 4825 ad3
266 4777 298 4810 ex
332 4761 459 4824 exemplis
492 4761 633 4810 verborum
664 4761 794 4810 incohati-

183 4861 277 4895 vorum
302 4861 317 4894 a
344 4845 414 4895 Sitti.
438 4846 454 4894 l.
473 4847 489 4894 l.
508 4847 596 4895 allatis
614 4846 672 4909 (qui
690 4851 794 4909 tamen,

847 2074 890 2108 me
904 2059 1003 2121 iudice,
1020 2058 1109 2107 minus
1124 2061 1194 2106 recte
1210 2056 1287 2106 verbo
1305 2055 1460 2104 addormia-

847 2158 905 2192 cere
944 2142 1165 2206 significationem
1206 2141 1386 2190 incohativam
1418 2140 1461 2188 in·

847 2243 904 2277 esse
922 2226 1039 2291 negavit)
1057 2229 1109 2277 buc
1126 2227 1234 2275 omnino
1247 2231 1375 2289 quattuor
1388 2239 1462 2287 spec-

847 2318 920 2362 tant:
949 2313 1149 2374 advesperaeco.
1179 2324 1316 2359 assenesco
1339 2307 1462 2370 (Tertull.

847 2399 949 2448 exhort.
959 2398 992 2446 ad
1002 2401 1065 2446 cast.
1079 2396 1131 2458 13).
1141 2398 1284 2445 uasiccesco
1296 2393 1411 2455 (Colum.
1421 2392 1463 2457 11,

847 2482 878 2547 il,
903 2482 938 2543 1).
966 2482 1106 2530 ucandesco
1129 2480 1222 2542 (Varro
1247 2481 1274 2528 Ι..
1294 2481 1320 2528 L.
1339 2479 1369 2542 5,
1393 2477 1461 2532 1091.

881 2567 1077 2630 palmularum.
1126 2565 1238 2614 Graecos
1276 2562 1357 2626 (apud
1398 2578 1465 2626 quos

848 2647 938 2716 φοίνιξ
976 2655 1002 2700 et
1038 2650 1157 2699 arborem
1191 2653 1218 2697 et
1253 2649 1371 2697 fructum
1406 2649 1464 2696 eius

849 2733 959 2795 indicat)
977 2735 1075 2797 secuti,
1095 2734 1206 2782 Romani
1225 2733 1344 2781 fructum
1358 2734 1462 2795 palmae

849 2818 938 2880 (trodio
964 2821 1059 2882 potura
1083 2817 1265 2881 dactylosam)
1283 2820 1399 2880 palmam
1421 2818 1462 2866 vel

850 2903 995 2966 palmulam
1021 2904 1239 2965 nominaverunt,
1270 2902 1302 2951 cf.
1326 2902 1407 2950 Varro
1434 2902 1461 2950 lt.

850 2988 879 3036 R.
890 2989 900 3036 l
913 2987 959 3036 bl:
977 2990 1110 3050 patntuta.
1124 2987 1196 3038 Ouid.
1211 2988 1229 3036 F
1231 2992 1279 3036 ast.
1290 2987 1300 3034 I
1310 2985 1373 3035 185:
1394 2987 1464 3044 Quid

847 3073 903 3121 vult
926 3073 1020 3134 palata
1043 3073 1099 3121 sibi
1116 3087 1269 3134 ruposupue
1286 3073 1378 3120 caraea
1395 3072 1463 3121 attat.

849 3156 899 3218 (Cf.
919 3157 995 3207 Hebn
1014 3154 1256 3220 liulturpllanzen⁵
1273 3172 1297 3219 p.
1315 3153 1383 3216 115).

883 3241 973 3303 serula
990 3241 1109 3305 stuprose
1120 3240 1297 3290 eoecitabatar.
1316 3240 1463 3288 secundum

849 3325 977 3376 Senecam
997 3328 1013 3374 1.
1032 3328 1048 3374 1.
1067 3326 1148 3374 etiam
1167 3338 1182 3373 a
1199 3324 1264 3373 Gaio
1282 3324 1345 3386 ipso.

883 3413 994 3472 coprete.
1018 3411 1050 3459 cf.
1068 3410 1122 3459 Tib.
1141 3408 1186 3458 ct:
1211 3424 1227 3457 α
1246 3423 1318 3457 nuno
1336 3409 1463 3457 adstante

848 3509 959 3544 ntensae
976 3496 1049 3543 inter
1065 3509 1183 3556 capreas.
1206 3494 1314 3543 Praeter
1332 3494 1379 3542 lros
1397 3493 1464 3542 dnos

849 3580 919 3627 locus
933 3577 1067 3641 Suetonii,
1082 3579 1239 3627 vocabulum
1249 3579 1384 3627 invenitur
1393 3578 1461 3640 apud

849 3661 1069 3712 Commodianum
1099 3662 1185 3712 Caum.
1209 3663 1316 3725 Apolog.
1341 3677 1377 3710 vs
1400 3660 1463 3710 ota:

849 3763 916 3796 nant
939 3749 987 3811 qui
1013 3749 1255 3811 Demaenetum,
1279 3749 1372 3810 copria
1390 3748 1464 3797 iudi·

849 3838 927 3881 catar
949 3833 984 3882 ab
1006 3834 1074 3895 ipsis
1092 3838 1118 3882 et
1136 3834 1305 3883 lactantium
1324 3834 1345 3881 V
1363 3834 1393 3896 1,
1416 3834 1461 3883 nt:

851 3915 1006 3978 Cyprianus
1025 3917 1180 3979 Cepreanas
1198 3920 1290 3983 audit,
1310 3920 1354 3969 ubi
1372 3925 1463 3968 tamen

849 4002 979 4049 translate
1000 4001 1098 4050 indicat
1118 4002 1254 4051 hominem
1274 4004 1462 4052 dormitantem

849 4089 931 4147 atque
957 4085 1091 4148 ignavum.
1123 4087 1231 4135 Duobus
1255 4089 1318 4137 locis
1344 4103 1359 4137 a
1381 4089 1463 4137 Dione

849 4175 1093 4218 commemorantur
1125 4171 1172 4234 50,
1196 4171 1242 4234 18,
1266 4172 1294 4220 5:
1318 4167 1385 4234 πρὸς
1402 4167 1463 4226 τοὺς

849 4249 948 4307 καλοὺς
978 4249 1067 4302 αὐτῶν
1095 4249 1214 4318 ἑταίρους
1243 4251 1289 4304 καὶ
1313 4254 1462 4318 τραπεζεῖς,

849 4335 896 4391 οὓς
922 4333 996 4386 αὐτοὶ
1022 4334 1118 4386 ἐκεῖνοι
1144 4337 1258 4402 κοπρίας
1283 4336 1463 4401 ἀποκαλοῦσι,

850 4420 895 4485 73,
913 4421 984 4485 6,1;
1002 4419 1116 4485 κοπρίας
1130 4419 1200 4477 τινὰς
1213 4419 1259 4472 καὶ
1271 4419 1463 4487 γελωτοποιοὺς

849 4505 969 4570 αἴσχιστα
980 4502 1029 4569 μὲν
1042 4503 1072 4556 τὰ
1084 4505 1141 4571 εἴδη
1155 4505 1250 4571 αἰσχίω
1264 4504 1293 4557 δὲ
1306 4505 1336 4557 τὰ
1349 4506 1464 4571 ὀνόματα

849 4587 895 4640 καὶ
918 4587 949 4639 τὰ
972 4587 1163 4654 ἐπιτηδεύματα
1186 4589 1293 4655 ἔχοντας
1311 4590 1464 4655 -εὑρών,

849 4670 1020 4738 ἒόημοσίευσε
1059 4672 1084 4737 (d
1115 4673 1265 4739 Περτίναξ).
1306 4678 1342 4726 En
1377 4683 1464 4740 poste-

850 4762 917 4810 riore
948 4761 1004 4809 loco
1031 4760 1156 4809 discimus
1183 4777 1225 4810 eos
1252 4778 1357 4811 scurras
1384 4763 1464 4812 fuisse

850 4845 969 4894 distortis
986 4845 1136 4908 corporibus
1160 4850 1191 4894 ut
1213 4851 1277 4895 tunc
1310 4847 1338 4895 in
1366 4847 1465 4898 deliciis
