3322 5512
128 583 134 597 .
227 537 446 600 commeatus.
487 527 578 599 Nam
604 536 639 600 et
665 527 938 622 negotiatoribus
964 537 1059 600 certa
1084 528 1183 600 lucra
1207 528 1406 624 proposuit,
1432 551 1509 601 sus-

227 660 325 746 cepto
351 651 385 723 in
412 675 451 725 se
477 652 623 743 damno,
657 651 688 723 si
714 650 768 723 cui
795 650 879 746 quid
904 674 967 747 per
991 660 1217 747 tempestates
1243 652 1447 745 accidisset,
1475 661 1510 726 et

225 798 335 847 naves
369 783 584 848 mercaturae
610 798 718 847 causa
742 774 994 847 fabricantibus
1020 799 1150 870 magna
1175 776 1357 848 commoda
1382 777 1509 850 consti-

223 899 288 971 tuit
326 923 387 994 pro
426 899 626 973 condicione
665 899 852 993 cuiusque:

893 897 1011 997 [XIXl
1050 899 1117 973 civi
1159 901 1378 974 vacationem
1416 901 1510 996 legis

224 1023 355 1119 Papiae
381 1023 584 1119 Poppaeae,
613 1023 738 1096 Latino
765 1023 820 1095 ins
846 1023 1050 1116 Qniritium,
1076 1024 1216 1098 feminis
1240 1025 1296 1097 ius
1321 1026 1397 1098 ΙΙΙΙ
1423 1025 1510 1100 libe-

258 1285 478 1347 acpotiatoribua
500 1300 535 1334 sc.
558 1284 740 1333 frumentariis
763 1283 800 1346 (O.
820 1286 838 1333 I.

225 1370 252 1419 L.
279 1369 312 1418 Vl
338 1367 412 1418 9668.
438 1366 512 1431 814),
545 1369 592 1432 qui
617 1369 785 1416 frumentum
811 1369 839 1417 in

225 1453 364 1517 provinciis
388 1458 514 1502 coemunt
537 1453 702 1516 Romamque
719 1468 838 1515 compor-

225 1542 291 1587 tant.
313 1537 468 1600 Marquardt
485 1537 547 1599 (vit.
566 1534 646 1586 Priu.²
664 1552 687 1599 p.
705 1536 755 1586 tat
772 1537 793 1585 Α
811 1536 839 1599 3)

225 1616 330 1684 putanti
342 1637 358 1670 a
367 1620 476 1670 Claudio
488 1621 629 1684 collegium
643 1622 838 1685 negotiatorum

225 1706 461 1755 frumentariorum
487 1705 642 1755 institutum
675 1721 746 1769 esse,
777 1722 838 1755 cum

226 1791 360 1853 priuilegia
378 1790 444 1838 haec
461 1790 516 1838 dari
535 1804 587 1838 non
601 1796 708 1852 possent
721 1792 771 1840 nisi
785 1793 839 1840 col-

224 1875 292 1938 legio
310 1875 388 1938 eique
406 1874 471 1922 certi
488 1874 606 1937 numeri,
625 1890 677 1923 non
696 1875 838 1938 assentior,

225 1972 312 2021 neque
336 1974 368 2006 ex
394 1959 562 2020 inscriptione
588 1957 607 2007 G
636 1959 652 2007 l.
672 1959 699 2008 L.
724 1958 756 2007 VI
774 1957 836 2008 814:

224 2058 258 2093 eu
275 2044 437 2092 auctoritate
453 2042 524 2104 Imp.
545 2041 669 2092 Caesaris
691 2043 717 2092 T.
739 2042 838 2105 Vespa-

224 2130 296 2178 siani
320 2129 390 2190 Aup.
415 2129 445 2177 iu
464 2129 519 2176 loco
537 2129 585 2189 qui
602 2128 761 2190 decapitatus
780 2133 839 2176 erat

222 2227 274 2275 per
291 2213 418 2261 Flavium
434 2213 568 2261 Sabinum
585 2226 698 2274 opernm
714 2212 839 2274 publico-

224 2314 287 2347 rum
310 2305 464 2347 curatorem
489 2299 620 2359 teniplum
643 2303 840 2347 exstruueruat

224 2386 405 2447 aepotiatores
440 2384 620 2445 srurneutarii
654 2398 715 2432 cnm
745 2385 838 2432 eodem

224 2470 370 2518 necessario
382 2469 562 2533 colligendum
572 2483 629 2531 esse
638 2470 743 2518 videtur
751 2473 838 2518 aetate

223 2555 275 2604 Titi
293 2555 470 2617 negotiatores
488 2555 677 2603 frumentarios
690 2559 839 2617 corporatos

223 2639 312 2688 fnisse.

257 2730 329 2772 certa
354 2725 429 2772 lucra
443 2725 589 2786 proposuit
605 2724 621 2772 i.
639 2739 661 2772 e.
680 2739 733 2773 non
751 2725 836 2773 solum

223 2824 251 2856 se
268 2808 384 2870 ipsarum
404 2808 533 2857 mercium
552 2808 668 2871 pretium
681 2809 837 2858 restiturum

223 2908 279 2942 esse
289 2893 410 2955 promisit
418 2890 558 2955 Claudius,
572 2893 616 2942 sed
627 2893 708 2942 etiam
718 2895 822 2942 lucrum
832 2929 837 2955 ,

224 2977 293 3040 quod
318 2977 453 3025 frumento
477 2977 575 3027 Romae
592 2978 698 3027 vendito
717 2979 837 3040 negotia·

222 3067 292 3109 tores
318 3061 416 3109 facturi
440 3061 567 3126 fuissent,
594 3063 674 3111 simul
701 3063 837 3126 magnitu-

223 3146 312 3194 dinem
336 3146 403 3195 incri
426 3151 556 3196 statuens.
583 3147 619 3196 Ex
638 3152 711 3210 parte
729 3152 836 3196 tantum

223 3230 366 3280 Suetonius
384 3230 449 3279 haec
470 3231 549 3280 verba
570 3232 711 3294 explicavit
728 3231 837 3281 adiectis

223 3322 343 3378 seeseepto
366 3317 396 3364 in
420 3331 447 3364 se
464 3316 578 3378 damno,
599 3316 683 3364 sicui
701 3316 769 3378 quid
786 3330 837 3378 per

224 3404 395 3461 tempestates
420 3401 573 3463 accidisset,
601 3400 678 3449 euius
701 3401 838 3463 explicati-

222 3498 300 3533 onem
318 3483 408 3531 minus
425 3488 495 3532 recte
513 3483 670 3547 Marquardt
688 3485 739 3535 vit.
758 3484 838 3534 Priv.²

224 3586 246 3632 p.
265 3568 314 3618 405
332 3569 353 3616 Α
373 3568 395 3616 7.
413 3567 463 3617 414
481 3573 511 3616 nt
529 3569 606 3618 unice
619 3584 708 3618 veram
721 3570 837 3633 protulit.

255 3654 403 3716 proposuit.
432 3667 478 3716 per
500 3653 617 3702 edictum
641 3659 672 3702 ut
689 3655 837 3718 sequentia.

255 3753 337 3788 naues
354 3744 527 3788 mercaturae
542 3753 624 3787 carisa
639 3739 838 3801 fabricantibus

223 3824 239 3872 i.
264 3838 286 3872 e.
313 3823 344 3871 iis
369 3823 417 3886 qui
442 3822 523 3871 simul
549 3823 649 3872 domini
676 3824 784 3873 navium
811 3829 838 3873 et

224 3907 351 3956 irrereium
369 3906 522 3969 (frumenti)
534 3913 617 3958 erant.
636 3909 668 3957 Hi
680 3914 838 3959 mercatores

224 3991 391 4040 frumentarii
406 3991 580 4040 nominantur
593 3990 631 4053 (C.
643 3994 660 4042 1.
671 3994 698 4042 L.
715 3992 748 4041 Vl
763 3992 837 4042 1620.

223 4075 280 4124 XIV
303 4075 364 4124 tot:
389 4089 485 4137 corpus
508 4084 694 4127 mercatorum
712 4078 836 4140 frunien-

223 4161 365 4209 tariorum.
383 4159 440 4210 303.
460 4159 545 4223 4234).

256 4245 307 4293 civi
318 4246 487 4295 uacationem
499 4246 566 4307 lepis
579 4246 684 4308 Papiae
693 4247 838 4309 Poppaeae

222 4330 238 4376 i.
266 4343 287 4376 e.
315 4328 398 4377 civem
432 4329 522 4390 poenis
548 4328 685 4390 liberauit,
716 4345 770 4392 qua
795 4331 836 4378 lex

223 4412 302 4474 Papia
326 4413 445 4475 Poppaea
467 4414 579 4462 caelibes
603 4418 630 4462 et
646 4414 722 4463 orbos
740 4413 837 4464 afficie-

223 4497 282 4560 bat,
300 4498 339 4546 ita
357 4503 390 4546 ut
405 4498 514 4546 heredes
533 4498 588 4547 fieri
607 4503 635 4547 et
653 4501 740 4562 legata
755 4500 836 4548 cadu-

223 4596 306 4645 caque
338 4597 430 4645 capere
461 4588 554 4644 posset.
593 4584 715 4632 Praemia
746 4589 836 4634 tamen

223 4667 263 4715 vel
287 4667 450 4730 vacationes,
474 4683 540 4730 quas
563 4670 605 4717 lex
622 4669 702 4731 Papia
720 4670 838 4732 Poppaea

222 4756 276 4800 tres
316 4751 411 4801 liberos
452 4752 611 4802 habentibus
650 4753 743 4816 dabat,
783 4769 836 4802 non

225 4836 401 4902 accipiebant,
439 4852 603 4903 quamquam
639 4838 717 4889 aliter
750 4838 835 4889 visum

895 1285 1005 1334 Rremio.
1020 1284 1145 1335 Ceterum
1159 1287 1208 1335 hoc
1222 1287 1386 1351 privilegium
1398 1287 1509 1337 demum

893 1369 986 1417 datum
1027 1384 1084 1419 esse
1119 1375 1259 1435 postquam
1294 1371 1369 1420 navis
1404 1376 1508 1420 certum

893 1469 1037 1502 nnmerum
1061 1453 1184 1516 (tortasse
1207 1471 1267 1518 sex,
1293 1460 1323 1505 ut
1346 1456 1375 1505 in
1392 1456 1510 1519 LatiniS,

893 1539 925 1587 ci.
950 1537 1031 1600 inira)
1053 1554 1185 1588 annorum
1210 1540 1377 1589 trumentum
1395 1539 1509 1590 Romam

894 1626 1036 1686 portasset,
1055 1624 1097 1672 vix
1116 1625 1280 1673 monendum
1298 1629 1346 1674 est.

926 1707 1024 1757 Latiae
1042 1708 1085 1756 ius
1104 1709 1262 1766 Quiritium.
1280 1710 1432 1759 accuratius
1445 1710 1511 1760 haec

893 1791 1003 1840 tradunt
1016 1789 1097 1840 Gaius
1111 1790 1163 1841 132
1172 1808 1208 1842 a:
1224 1793 1293 1842 item
1303 1793 1387 1842 edicto
1398 1792 1512 1844 Claudii

893 1875 987 1925 Latini
1020 1876 1062 1925 ius
1090 1877 1240 1934 Quiritium
1266 1884 1459 1943 consecuntur,
1486 1881 1509 1928 si
1583 1903 1589 1910 ·

893 1973 988 2008 navem
1017 1962 1160 2010 marinam
1185 1963 1407 2028 aedificaverint,
1439 1980 1510 2028 quae

893 2058 947 2092 aon
972 2046 1066 2094 niiaue
1089 2061 1174 2108 quam
1197 2047 1289 2096 decem
1305 2048 1385 2097 milia
1402 2050 1509 2098 aiodia-

893 2125 969 2188 r[um
987 2128 1134 2191 frumeupi
1151 2133 1256 2195 capiat,
1275 2147 1359 2195 eaque
1376 2135 1455 2183 uanis
1469 2136 1510 2184 vel

893 2227 963 2274 puae
986 2214 1017 2262 in
1038 2214 1096 2262 eiua
1115 2214 1202 2263 iocum
1219 2217 1366 2266 substituta
1385 2215 1433 2278 [sit
1450 2216 1508 2280 aaa]

892 2296 974 2346 anuis
1006 2296 1178 2358 frumentum
1209 2300 1326 2350 Roaiam
1350 2304 1509 2365 portaverit.

894 2381 950 2443 Ulp.
969 2379 999 2444 3,
1021 2381 1050 2430 o:
1074 2382 1149 2431 Nave
1165 2383 1279 2433 Latinus
1296 2386 1437 2436 civitatem
1454 2387 1509 2436 Ro·

892 2479 1007 2514 manum
1024 2466 1136 2531 accipit,
1154 2468 1178 2516 ri
1195 2483 1250 2518 uon
1266 2470 1404 2520 minorem
1422 2485 1509 2533 quam

892 2550 983 2600 decem
1000 2552 1113 2600 milium
1129 2553 1286 2602 auduram
1303 2569 1401 2605 noveru
1420 2555 1509 2618 fabri-

891 2636 992 2684 caverit
1008 2642 1034 2684 et
1049 2636 1168 2686 Romam
1182 2652 1230 2687 aaa
1241 2639 1323 2688 aunis
1334 2639 1510 2700 sarranium

890 2720 1055 2781 portaverit,
1073 2734 1108 2768 aa
1124 2721 1209 2770 edicto
1226 2722 1283 2771 dini
1302 2722 1418 2773 Claudii.

925 2804 1031 2853 Latiae.
1072 2820 1125 2867 quo
1148 2806 1274 2856 uocabulo
1298 2807 1379 2856 etiam
1397 2808 1510 2858 Latinus

892 2890 1021 2939 lunianus
1037 2890 1178 2940 indicatur.
1197 2892 1233 2940 De
1247 2891 1348 2940 Latinis
1359 2892 1510 2942 coloniariis

892 2973 924 3022 ci.
950 2972 1098 3023 Mommsen
1125 2974 1185 3024 StR.
1214 2976 1249 3023 ΙΙΙ
1273 2974 1322 3024 624
1348 2991 1386 3039 sq.
1419 2976 1509 3026 Latini

893 3057 997 3106 Iuniani
1021 3059 1123 3121 proprie
1140 3064 1206 3108 sunt
1222 3059 1377 3109 Latinorum
1396 3076 1509 3111 numero

891 3140 1001 3203 (rectius
1031 3143 1086 3205 ipse
1118 3142 1260 3193 Suetonius
1286 3146 1351 3195 dicit
1374 3147 1451 3209 Vesp.
1479 3145 1508 3196 3:

891 3226 1006 3276 Latinae
1023 3228 1187 3278 conditionis
1205 3230 1318 3293 otiarer,
1336 3232 1369 3280 ci.
1390 3231 1507 3282 Momm·

891 3326 938 3360 sen
964 3313 980 3361 l.
999 3315 1016 3363 l.
1039 3313 1089 3362 62ss
1112 3315 1133 3363 Α
1157 3311 1184 3375 3)
1208 3316 1266 3377 lege
1290 3315 1366 3364 lunia
1383 3315 1510 3367 Norbana

894 3392 938 3457 (de
961 3398 1068 3446 nomine
1091 3403 1119 3447 et
1141 3403 1259 3462 tempore
1279 3400 1359 3448 huius
1376 3400 1443 3464 legis
1460 3402 1509 3452 viri

894 3479 964 3528 docti
986 3481 1056 3530 inter
1079 3496 1107 3530 se
1124 3482 1286 3546 discrepant,
1309 3485 1341 3533 cl.
1358 3484 1508 3536 Mommsen

895 3565 910 3612 1.
929 3563 1051 3614 16161
1070 3565 1100 3628 1,
1130 3566 1265 3630 Karlowa,
1295 3568 1369 3617 Riim.
1395 3569 1508 3619 Rechts-

893 3649 980 3710 gesch.
1005 3650 1015 3696 1
1041 3666 1063 3712 p.
1087 3649 1151 3713 611,
1174 3651 1274 3714 Herzog
1292 3653 1315 3701 ll
1333 3667 1356 3715 p.
1374 3651 1436 3715 916)
1455 3669 1509 3703 non

893 3733 1014 3796 legitima
1032 3736 1239 3786 manumissione
1257 3737 1423 3787 manumissi.

928 3819 971 3866 ius
996 3819 1147 3876 Quiritium
1170 3821 1186 3869 i.
1205 3836 1226 3869 e.
1250 3821 1385 3872 civitatem
1409 3821 1508 3872 Roma-

893 3916 969 3966 nam,
987 3903 1019 3952 cf.
1039 3903 1166 3967 Ulpianus
1183 3904 1213 3968 3,
1230 3905 1259 3954 2:
1276 3905 1411 3968 Beneficio
1426 3907 1508 3970 priu-

892 3986 976 4047 cipali
993 3987 1107 4037 Latinus
1119 3989 1256 4038 civitatem
1267 3990 1425 4040 Romanam
1437 3993 1508 4040 acci-

891 4071 946 4132 pit,
978 4073 1003 4120 si
1032 4072 1067 4120 ab
1093 4073 1259 4135 imperatore
1284 4074 1328 4122 ius
1355 4074 1508 4132 Quiritium

893 4156 1093 4216 impetraverit.
1118 4156 1171 4207 Vox
1190 4158 1319 4220 imprimis
1336 4159 1364 4208 in
1383 4175 1434 4209 usu
1453 4165 1507 4223 est,

893 4237 938 4287 ubi
958 4239 988 4288 de
1008 4241 1114 4291 civitate
1133 4243 1227 4292 Latino
1245 4244 1331 4293 danda
1348 4259 1435 4294 sermo
1453 4250 1508 4309 est,

893 4328 1046 4391 mansitque
1076 4342 1108 4376 ex
1138 4328 1183 4377 illo
1215 4334 1347 4393 tempore,
1378 4344 1440 4378 cum
1465 4330 1509 4380 ius

893 4412 1037 4470 Quiritium
1061 4412 1148 4461 adhuc
1171 4413 1199 4461 in
1223 4415 1343 4463 omnium
1361 4429 1406 4464 ore
1424 4420 1508 4477 esset,

891 4497 923 4546 cf.
942 4497 1088 4546 Mommsen
1106 4497 1166 4547 StR.
1184 4498 1220 4546 Ill
1239 4497 1253 4546 7
1272 4499 1292 4547 Α
1311 4498 1334 4548 2.

925 4581 1037 4643 seminia
1065 4584 1108 4631 ius
1135 4589 1265 4645 quattuor
1282 4584 1432 4633 liberorum
1449 4585 1465 4634 i.
1484 4600 1507 4635 e.

891 4667 1030 4716 libertinae
1043 4667 1215 4730 condicionis,
1227 4681 1331 4730 semper
1341 4668 1413 4717 enirn
1426 4669 1508 4719 liber-

891 4753 941 4801 tini
958 4753 1156 4816 intelleguntur
1174 4753 1219 4802 ubi
1237 4768 1322 4802 sermo
1340 4757 1382 4802 est
1398 4754 1431 4802 de
1449 4753 1507 4802 iure

891 4841 1019 4904 quattuor
1042 4837 1201 4903 liberorum,
1226 4838 1258 4886 cf.
1280 4837 1307 4888 P.
1326 4837 1397 4902 Jiirs,
1421 4837 1509 4888 Ueber
