3322 5512
784 332 841 392 119

166 519 375 616 publicavit3
401 518 557 614 ingratos
582 526 616 592 et
641 517 685 591 de
710 517 838 613 quibus
863 517 998 613 patroni
1025 524 1253 613 quererentur
1269 517 1447 591 revocavit
1537 516 1576 592 C.
1603 519 1648 590 25

168 643 205 716 in
234 644 435 719 servitutem
461 643 709 738 advocatisque
734 664 853 716 eorum
879 641 1038 737 negavit,
1063 664 1102 715 se
1119 641 1291 716 adversus
1307 641 1451 716 libertos

170 769 325 866 ipsorum
350 769 407 842 ius
431 767 612 842 dicturum.
651 766 741 840 Cum
767 765 909 862 quidam
935 790 1043 862 aegra
1068 775 1102 840 et
1127 768 1253 840 affecta
1276 766 1451 863 mancipia

173 894 206 966 iu
241 894 392 967 insulam
425 891 628 988 Aesculapii
655 891 769 965 taedio
794 891 955 965 medendi
983 900 1224 988 exponerent.
1246 914 1366 966 omnes
1391 891 1450 987 qui

211 1056 273 1115 Dio
295 1058 350 1130 60,
372 1057 425 1128 13,
448 1057 478 1114 2.
519 1053 588 1125 τοὺς
619 1079 653 1118 τε
683 1049 910 1133 ἀπελευθέρους
933 1053 1002 1125 τοὺς
1024 1053 1078 1118 ἕπί
1100 1077 1134 1117 τε
1157 1059 1209 1118 τοῦ
1232 1053 1374 1134 Τιβερίου
1397 1053 1449 1118 καί

172 1161 222 1226 ε’πί
246 1167 297 1226 τοῦ
321 1161 411 1226 Γαίου
434 1168 493 1234 τοῖς
516 1160 680 1232 δεσπόταις
704 1165 788 1243 σφῶν
812 1160 1114 1238 ἐπιβουλεύσαντας,
1138 1160 1207 1231 τούς
1223 1184 1257 1225 τε
1273 1161 1328 1234 την
1345 1158 1450 1231 ἀλλος

172 1269 469 1352 συκοφαντησαντάς
500 1292 584 1339 τινας
615 1268 632 1343 ἢ
663 1269 715 1333 καί
746 1266 1185 1349 καταψευδομαρτυρησαντάς
1217 1291 1318 1342 τινοιν,
1354 1268 1451 1340 δεινῶς

171 1376 286 1453 ἐμίσει,
318 1375 370 1440 καὶ
400 1377 497 1439 αὐτῶν
530 1374 599 1447 τοὺς
623 1375 678 1452 μὲν
703 1377 825 1446 πλείους
849 1372 940 1445 οὕτως
964 1375 1014 1461 (ἕν
1038 1373 1265 1461 μονομαχίαις)
1290 1375 1450 1451 ἀνήλισκε,

171 1481 240 1553 τοὺς
271 1482 302 1546 δὲ
333 1477 431 1563 ἕτερόν
462 1505 531 1546 τινα
563 1482 672 1561 τρόπον
703 1482 849 1567 ἐκόλαζε,
885 1480 1020 1552 πολλοὺς
1048 1481 1080 1545 δὲ
1112 1481 1164 1545 καί
1196 1488 1257 1553 τοῖς
1288 1481 1451 1556 δεσπόταις

172 1592 273 1660 αὐτοῖς
296 1589 348 1654 ε’πί
371 1588 499 1671 τιμυρίρ
524 1587 698 1669 παρεδίδου.

210 1697 272 1757 Dio
294 1699 348 1772 60,
372 1698 475 1770 28,1.
517 1696 643 1774 ε’πηνουν
674 1693 726 1759 καὶ
756 1695 790 1768 νη
824 1693 884 1758 Δία
908 1696 960 1759 καί
985 1695 1075 1759 ἐκεῖνο
1099 1690 1143 1758 ότι
1167 1693 1346 1776 ἐντυχόντος
1370 1694 1447 1766 τινός

172 1811 233 1874 τοῖς
265 1801 436 1884 δημάρχοις
467 1801 550 1866 κατά
580 1807 632 1866 τοῦ
663 1798 960 1884 ε’ξελευθεριίσαντος
991 1800 1101 1875 αὐτόν,
1133 1801 1186 1865 καί
1217 1799 1366 1882 ὑπηρέτην
1396 1802 1447 1865 ἐπ’

172 1910 258 1975 αὐτόν
290 1905 472 1987 αίτησαντος
502 1909 555 1973 καί
587 1907 751 1986 λαβόντος,
783 1906 998 1983 ἀνανοίκτησε,
1029 1907 1081 1973 καί
1112 1908 1220 1973 ε’κείνόν
1247 1932 1281 1973 τε
1304 1908 1356 1972 καί
1380 1908 1449 1976 τοὺς

171 2015 452 2100 συνεξετασθίντας
482 2016 564 2096 αὐτῷ
596 2014 742 2089 ἐκόλασε,
773 2015 825 2079 καί
853 2015 972 2096 προσέτι
996 2016 1048 2080 καί
1071 2015 1263 2096 ἀπηγόρευσε
1286 2015 1363 2093 μηδὲ
1387 2023 1448 2086 τοῖς

170 2122 244 2189 οὕτω
269 2124 363 2210 (τισιν
387 2123 770 2210 Baumgarten-Crusius‚
795 2123 911 2200 μηδένα
937 2125 1012 2210 (hoc
1031 2123 1092 2183 iarn
1111 2124 1240 2210 Reislre)
1257 2128 1318 2194 τοῖς
1334 2121 1449 2194 δούλοις

168 2231 309 2317 Reimar)
334 2229 419 2295 κατά
442 2235 499 2295 τῶν
524 2228 788 2295 δεσποτευσάντιον
813 2231 911 2294 αὐτῶν
936 2227 1077 2308 βοηθεῖν,
1101 2229 1126 2294 εί
1149 2229 1181 2293 δὲ
1200 2229 1257 2307 μη,
1282 2227 1446 2310 στερέσθαι

166 2343 220 2404 τοῦ
245 2338 326 2411 δίκην
350 2338 459 2409 αὐτοὺς
483 2335 592 2417 ἑτέροις
616 2335 802 2418 λαγχάνειν.

211 2446 270 2505 Dr'o
292 2449 347 2521 60,
371 2449 426 2521 29,
450 2448 479 2505 2.
521 2443 590 2515 τοὺς
624 2443 727 2523 μέντοι
761 2443 938 2523 ἀλλοτρίους
972 2443 1199 2526 ἀπελευθέρους
1234 2445 1246 2508 ό
1280 2443 1447 2519 Κλαύδιος,

160 2553 195 2618 εί
218 2576 277 2616 που
299 2558 544 2634 κακουργοῦντας
568 2552 676 2631 λάβοι,
708 2551 805 2622 δεινῶς
829 2552 981 2632 τιμωρῶν,
1013 2558 1074 2624 τοῖς
1097 2550 1175 2624 ίδίοις
1197 2587 1240 2600 -·
1265 2549 1447 2629 προσέκειτο.

208 2661 383 2720 Marcianas
411 2661 480 2737 Dip.
504 2662 559 2735 37,
586 2662 639 2735 14,
666 2663 694 2719 5.
735 2660 830 2719 Divus
863 2659 1006 2719 Claudius
1036 2659 1193 2734 libertum,
1224 2659 1277 2738 qni
1306 2660 1448 2736 probatus

155 2769 227 2829 fuit
253 2774 376 2846 patrono
397 2768 545 2828 delatores
566 2767 769 2841 summisisse,
797 2766 850 2845 qui
871 2767 909 2826 de
930 2772 1010 2826 stetu
1031 2766 1096 2826 eius
1116 2766 1249 2827 facerent
1268 2766 1297 2826 ei
1318 2765 1448 2844 quaesti-

156 2895 255 2936 onem
277 2894 396 2936 serrum
416 2875 532 2953 patroni
553 2893 620 2935 esse
640 2873 730 2935 iussit
750 2892 819 2934 eum
839 2874 989 2933 libertum.

149 3067 222 3128 pit,
247 3071 279 3115 ut
298 3065 374 3128 apud
392 3064 539 3114 Claudium
554 3079 692 3115 censorem
711 3080 783 3114 araas
869 3065 1048 3113 revocabitis
1065 3065 1229 3114 seruitutem.
1255 3064 1282 3112 in
1307 3064 1356 3113 hac
1379 3077 1446 3127 quo-

151 3167 201 3202 ea*
227 3151 363 3214 equitibus
394 3150 505 3200 Flavias
535 3151 667 3200 Proculas
699 3149 784 3199 CCCC
836 3163 888 3212 que
908 3163 936 3198 re
954 3148 1081 3198 Claudius
1097 3149 1243 3213 legitimam
1261 3162 1374 3210 poenam
1391 3147 1448 3196 sine

151 3252 200 3286 esc
218 3251 250 3286 ea
267 3251 348 3285 caasa
365 3249 424 3284 reos
439 3236 598 3298 postularet.
836 3233 914 3283 dubio
953 3248 1138 3297 supergressus
1173 3238 1227 3296 est,
1267 3246 1329 3281 nam
1360 3232 1447 3281 adhuc

197 3321 348 3384 publicavit
364 3321 381 3369 i.
399 3334 421 3368 e.
440 3320 467 3368 in
484 3319 641 3369 servitutem
656 3318 781 3368 vendidit.

153 3406 242 3466 Quod
267 3420 283 3454 a
300 3404 410 3454 Claudio
428 3419 480 3453 non
498 3408 529 3452 ut
545 3418 652 3453 censore
668 3401 781 3465 (censori

151 3490 239 3540 enim
280 3490 333 3539 tale
366 3489 409 3538 ius
443 3503 496 3538 non
530 3486 607 3550 fuit),
648 3488 673 3536 id
709 3488 780 3551 quod

150 3575 254 3638 colligi
289 3578 376 3637 posset
405 3589 437 3622 ex
468 3575 524 3622 loco
557 3573 677 3622 Plininno
703 3573 780 3622 modo

151 3662 262 3723 allato,
278 3657 323 3708 sed
343 3663 374 3707 ut
390 3658 505 3721 principe
522 3657 623 3706 factum
640 3671 698 3706 esse
710 3662 780 3707 recte

153 3744 355 3795 animadvertit
372 3744 520 3793 Mommsen
537 3741 598 3793 stu.
617 3743 652 3791 lll
666 3741 779 3791 relat.

200 3833 333 3893 inpratos.
355 3832 464 3892 patrono
482 3842 529 3878 suo
547 3826 688 3876 libertinus
704 3841 779 3876 reve-

156 3914 281 3965 rentiam
305 3917 333 3961 et
355 3911 513 3975 obsequium
536 3915 670 3973 praestare
687 3910 779 3972 debet,

157 4001 198 4050 cf.
226 3998 330 4061 Ulpian.
357 3997 413 4060 Dig.
437 3995 484 4059 37,
506 3994 552 4058 15,
574 3993 604 4044 9;
630 3995 737 4044 Liberto
754 4000 780 4044 et

161 4085 225 4147 filio
246 4096 352 4145 semper
376 4082 486 4130 honesta
508 4087 533 4130 et
554 4086 648 4129 sancta
663 4093 780 4143 persorw

155 4167 255 4232 patris
289 4181 321 4215 ac
349 4166 462 4229 patroni
492 4165 580 4214 videri
611 4164 693 4213 debet.
728 4163 779 4222 Qui

162 4251 324 4316 obsequium
356 4248 439 4314 (quod
470 4249 535 4313 quid
566 4249 601 4298 sit
626 4249 684 4298 vide
709 4249 777 4312 apud

163 4337 288 4386 Karlowa
312 4334 363 4383 l.1.
385 4349 409 4397 p.
433 4331 482 4382 113
500 4346 552 4395 sq,
576 4332 651 4381 Reirr.
669 4333 777 4382 Privatr.

166 4437 189 4485 p.
216 4419 267 4470 599
292 4420 313 4468 A
339 4416 366 4481 1)
392 4434 445 4468 non
476 4416 647 4482 praestabant
675 4418 779 4480 inpratt

165 4503 374 4554 nominabantur
399 4503 482 4563 (male
502 4503 615 4551 meritos
637 4515 681 4549 eos
704 4505 779 4549 vocat

165 4589 225 4640 Tae.
250 4588 317 4637 Ann.
335 4587 395 4636 Xlll
413 4585 470 4650 26),
493 4586 526 4636 cf.
543 4586 600 4649 Dig.
617 4583 663 4647 37,
686 4583 732 4647 14,
749 4583 778 4634 9;

166 4674 298 4737 Iapratas
315 4672 426 4722 libertas
442 4677 494 4733 est,
513 4673 561 4733 qut
577 4676 693 4732 patrono
705 4669 780 4718 obse-

167 4759 264 4822 quium
287 4771 343 4806 κοιι
358 4761 494 4818 praestat,
516 4755 556 4803 cel
573 4769 616 4804 res
634 4755 691 4803 eius
709 4753 779 4815 filio-

167 4855 261 4892 rumoe
284 4841 399 4891 tutelam
421 4840 618 4890 administrare
640 4839 780 4888 detractat.

836 3318 940 3381 Ulpiani
958 3323 1045 3368 aetate
1062 3318 1161 3382 ingrati
1178 3318 1224 3381 qui
1238 3331 1334 3365 manus
1346 3317 1446 3366 attule-

835 3408 896 3452 rant
919 3404 951 3452 ad
975 3405 1083 3453 metalla
1106 3401 1302 3452 damnabantur
1324 3397 1368 3462 (ef.
1390 3400 1446 3464 Dig.

834 3485 880 3550 37,
905 3487 945 3536 lt.
971 3486 1006 3550 1).
1041 3488 1115 3546 Quae
1146 3491 1238 3537 autem
1271 3500 1355 3548 poena
1380 3485 1446 3548 legis

834 3570 923 3620 Aeliae
940 3571 1046 3621 Sentias
1056 3572 1150 3635 fuerit,
1168 3585 1237 3634 quae
1249 3569 1444 3620 accusationem

834 3656 931 3720 ingrati
953 3657 1041 3706 liberti
1058 3657 1143 3719 dedit,
1161 3653 1271 3719 (osnig.
1282 3654 1327 3718 50,
1345 3652 1444 3718 16,10.

835 3741 913 3791 Hadr.
931 3741 1003 3792 Seut.
1020 3743 1055 3791 lll
1073 3740 1100 3805 3)
1118 3742 1262 3805 ignoratur.

867 3826 997 3875 adversas
1020 3825 1128 3874 libertos
1150 3826 1274 3888 ipsoram
1298 3826 1342 3874 tas
1357 3824 1445 3873 otietu-

834 3925 904 3960 ram.
922 3911 1069 3960 accuratius
1087 3907 1230 3959 Suetonius
1245 3923 1328 3972 quam
1341 3908 1388 3957 Dio
1400 3906 1446 3970 ab,

833 3992 879 4057 28,
896 3993 925 4044 1;
943 3989 1079 4057 στερέσθαι
1092 3998 1137 4043 τοῦ
1150 3991 1229 4058 δίκην
1241 3989 1338 4048 αὐτοὺς
1349 3987 1446 4056 ἑτέροις

833 4075 983 4142 λαγχάνειν,
1023 4081 1169 4129 secundum
1203 4094 1284 4142 quern
1319 4077 1445 4127 Claudius

833 4164 973 4213 advocatos
994 4165 1101 4213 omnino
1124 4164 1252 4213 facultate
1279 4163 1344 4212 alios
1366 4177 1445 4211 accu-

834 4248 909 4297 sandi
931 4249 1063 4312 privasset.
1087 4246 1255 4310 (Mommseni
1272 4247 1343 4296 enim
1361 4247 1443 4309 expli-

833 4333 962 4382 cationem
982 4334 1077 4382 horum
1095 4332 1234 4381 verborum
1251 4329 1324 4394 (stu.
1342 4328 1378 4380 11³
1394 4329 1443 4380 1117

834 4417 855 4465 Α
873 4416 900 4478 1)
918 4433 971 4467 non
988 4416 1151 4481 amplector).

867 4503 897 4551 οἰι
920 4503 1041 4551 insulana
1066 4501 1227 4563 Aesculapii.
1251 4500 1288 4549 sic
1311 4501 1398 4549 insula
1415 4501 1442 4550 in

833 4585 944 4635 flumine
966 4586 1052 4635 Tiberi
1073 4586 1124 4634 sita
1140 4585 1272 4648 appellata
1288 4589 1329 4634 est
1344 4587 1442 4648 templo

834 4670 981 4732 Aesculapii
1004 4670 1039 4719 ibi
1063 4675 1196 4718 exstructo
1219 4666 1270 4730 (Cf.
1290 4669 1343 4718 Liv.
1361 4668 1441 4718 1141.

834 4753 891 4802 Per.
906 4755 949 4804 lll.
963 4752 1171 4816 1κ1.Μυκ18,1.
1183 4752 1442 4816 enuntiasti).

869 4839 957 4890 taedio
978 4838 1106 4891 madeant
1129 4844 1300 4903 seponerem.
1324 4842 1355 4887 ut
1376 4838 1442 4886 deus
