3322 5512
921 337 977 395 172

206 574 213 589 .
306 519 416 591 tuisse
454 518 568 612 aiuut,
610 519 917 615 excruciatumque
955 491 1133 593 doloribus
1171 530 1272 594 nocte
1309 531 1382 594 tota
1419 521 1593 596 defecisse

304 666 412 739 prope
449 644 572 715 lucem.
612 642 778 716 Nonnulli
816 643 906 716 inter
942 644 1041 717 initia
1077 643 1312 740 consopitum,
1350 645 1477 719 deinde
1511 646 1592 720 cibo

304 769 466 840 affluente
491 767 689 841 evomuisse
715 768 847 858 omnia,
879 769 1133 866 repetitumque
1158 769 1290 862 toxico,
1317 770 1484 843 incertum
1513 772 1590 868 pul-

304 891 375 965 tine
412 890 549 984 addito,
587 916 666 966 cum
706 893 802 966 velut
835 894 1045 967 exhaustum
1078 893 1172 967 refici
1207 894 1282 968 cibo
1317 903 1509 990 oporteret,
1543 920 1590 968 an

304 1016 459 1090 immisso
484 1041 547 1112 per
569 1017 739 1114 clystera,
767 1028 805 1091 ut
829 1019 930 1113 quasi
956 1018 1172 1093 abundantia
1196 1020 1368 1094 laboranti
1396 1020 1500 1094 etiam
1525 1019 1592 1094 boc

303 1165 432 1236 genere
458 1141 646 1237 egestionis
671 1142 923 1216 subveniretur.

348 1304 409 1362 Tac.
431 1306 510 1364 Aua.
532 1304 597 1364 XII
618 1308 664 1364 67.
706 1324 762 1365 nec
781 1305 842 1364 vim
857 1305 1066 1365 medicaminis
1081 1305 1180 1364 statim
1195 1305 1394 1380 intellectam,
1417 1305 1592 1365 socordiane

303 1429 341 1468 an
373 1410 490 1471 Claudii
520 1411 697 1487 vinolentia3
729 1411 820 1471 simul
851 1412 949 1472 solnta
976 1413 1063 1470 alvus
1090 1410 1266 1471 subvenisse
1295 1412 1458 1472 videbatur.
1492 1412 1593 1488 Igitur

304 1517 447 1576 exterrita
478 1517 657 1595 Agrippina,
689 1523 720 1578 et
751 1519 869 1595 qnando
901 1518 1006 1577 ultima
1033 1518 1230 1592 timebantur,
1260 1524 1360 1595 spreta
1387 1519 1592 1596 praesentium

304 1624 431 1698 invidia,
453 1625 601 1702 provisam
622 1625 680 1684 iam
704 1624 759 1685 sibi
781 1625 989 1702 Xenophontis
1011 1625 1119 1685 medici
1141 1626 1353 1685 conscientiam
1374 1626 1504 1686 adhibet.
1533 1626 1591 1685 Ille

305 1737 455 1808 tamquam
486 1731 571 1791 nisus
598 1732 763 1791 evomentis
791 1732 960 1805 adiuvaret,
988 1732 1109 1808 pinnam
1138 1732 1242 1808 rapido
1263 1750 1377 1792 veneno
1398 1733 1504 1791 illitam
1524 1733 1591 1792 fau-

304 1839 388 1898 cibus
415 1839 480 1898 eius
507 1839 664 1899 demisisse
691 1839 838 1911 creditur,
867 1840 947 1898 baud
975 1839 1097 1914 ignarus
1126 1857 1243 1898 summa
1268 1841 1381 1899 scelera
1403 1840 1496 1917 incipi
1518 1858 1590 1898 cum

304 1946 452 2022 periculo,
473 1946 575 2023 peragi
597 1964 665 2006 cum
687 1946 827 2023 praemio

344 2053 404 2112 Dio
428 2055 480 2127 60,
503 2056 558 2127 34,
581 2055 662 2112 3=
686 2053 757 2111 Zou
779 2053 880 2111 XIIII
897 2072 927 2128 p
951 2055 1022 2111 473.
1054 2049 1104 2115 axi
1129 2053 1141 2115 ὃ
1165 2053 1221 2130 uir
1246 2051 1592 2130 οὖτωςὲπιβευλευθεὶς

310 2157 424 2232 ’κμὲν
456 2162 507 2221 τοῦ
531 2158 698 2234 rauracius
722 2159 759 2227 ὡς
783 2157 835 2221 uxi
859 2159 1023 2236 durpuopb3
1047 2155 1149 2233 μέθης
1173 2156 1334 2237 σφόδρα
1319 2182 1393 2220 ur
1380 2155 1590 2240 ἕξεκομίσθη

304 2258 458 2342 duspurc
481 2264 534 2327 aui
558 2263 674 2328 ἄλλοτε
699 2264 852 2334 πολλάκις
876 2263 1031 2339 ἐγεγόνει,
1055 2271 1109 2336 τῆς
1135 2265 1166 2327 δὲ
1193 2263 1297 2334 νυκτὸς
1316 2265 1380 2329 οὐδὲ
1369 2288 1397 2327 ν
1418 2264 1479 2328 οὔτ’
1497 2264 1592 2327 εἰπεῖν

305 2370 366 2433 οὔτ’
390 2372 517 2434 aarum
543 2368 682 2443 δυνηθεὶς
705 2373 898 2453 μετήλλκξε.

347 2477 408 2535 Tac.
431 2481 510 2537 Aua.
533 2478 597 2537 XII
612 2481 661 2537 68.
696 2479 866 2537 Vocabatur
878 2478 999 2537 interim
1014 2483 1151 2550 senatus,
1173 2483 1301 2554 votaque
1315 2496 1369 2554 pro
1383 2476 1593 2537 incolumitate

304 2584 448 2661 principis
469 2586 607 2644 consules
628 2590 658 2644 et
679 2585 848 2644 sacerdotes
869 2585 1094 2660 nuncupabant,
1116 2603 1184 2643 cum
1206 2584 1265 2643 iam
1286 2585 1434 2644 exanimis
1454 2585 1593 2643 restibus

304 2696 335 2749 et
361 2691 502 2750 fomentis
529 2693 732 2767 obtegeretur,
762 2691 833 2750 dum
862 2689 976 2767 reliqua
1003 2690 1148 2749 firmando
1176 2690 1304 2750 Neronis
1324 2691 1449 2768 imperio
1471 2709 1593 2767 compo·

304 2806 424 2857 uuntur.
446 2798 509 2857 lam
530 2799 660 2875 primum
681 2797 862 2875 Agrippina,
885 2797 968 2857 velut
988 2798 1089 2857 dolore
1110 2797 1206 2857 evicta
1224 2803 1255 2857 et
1270 2796 1379 2857 solacia
1393 2797 1594 2875 conquirenS,

304 2910 406 2964 tenere
434 2906 576 2982 amplexu
605 2904 827 2980 Britannicum;
856 2923 956 2963 reram
987 2904 1103 2980 paterni
1131 2904 1191 2963 oris
1219 2904 1350 2979 effigiem
1376 2903 1528 2980 appellare
1557 2923 1594 2964 ac

304 3010 394 3070 variis
424 3011 538 3070 artibus
569 3012 730 3086 demorari,
762 3030 799 3070 ne
821 3011 957 3071 cubiculo
988 3011 1189 3086 egrederetur.
1222 3010 1381 3069 Antoniam
1412 3028 1532 3087 quoque
1562 3019 1594 3071 et

305 3116 471 3192 Octaviam,
500 3137 616 3178 sorores
643 3119 723 3194 eius,
751 3118 888 3192 attinuit,
916 3125 946 3178 et
973 3124 1096 3178 cunctos
1124 3118 1224 3177 aditus
1253 3117 1398 3177 custodiis
1424 3117 1593 3184 clauserat,

304 3225 466 3301 crebroque
494 3227 634 3301 vulgabat
661 3227 704 3286 ire
730 3226 761 3284 in
783 3225 891 3285 melius
912 3225 1115 3284 valetudinem
1136 3224 1296 3301 principis,
1325 3242 1385 3301 quo
1407 3223 1493 3282 miles
1514 3225 1593 3283 bona

304 3332 334 3389 in
364 3350 416 3408 spe
444 3338 546 3407 ageret
566 3338 745 3410 tempusque
766 3351 942 3409 prosperum
964 3350 1003 3391 ex
1024 3331 1145 3391 monitis
1166 3331 1384 3392 Chaldaeorum
1404 3330 1589 3390 adventaret.

304 3440 366 3516 (69)
387 3438 471 3499 Tunc
490 3440 590 3500 medio
612 3440 687 3515 diei,
709 3440 834 3500 tertium
854 3445 923 3499 aute
944 3440 1014 3498 idus
1036 3439 1187 3514 Octobris,
1208 3439 1324 3499 foribus
1345 3439 1452 3498 Palatii
1466 3445 1592 3516 repente

305 3545 451 3619 diductis,
472 3546 631 3606 comitante
652 3547 747 3607 Burro
767 3547 847 3607 Nero
865 3547 1019 3623 egreditur
1033 3547 1071 3606 ad
1087 3548 1253 3620 cohortem,
1275 3565 1351 3623 quae
1369 3564 1451 3606 more
1465 3545 1591 3606 militiae

304 3653 440 3713 excubiis
460 3653 555 3712 adest.

304 3816 375 3865 Dess.
402 3832 426 3864 n.
449 3814 528 3866 1797:
550 3817 593 3865 dis
615 3818 742 3867 manibus
766 3817 915 3880 Chrysaort
970 3815 1077 3879 lliibn),
1105 3831 1255 3880 numquam
1281 3817 1387 3866 boletos
1414 3815 1516 3863 bomini
1542 3830 1590 3864 uo·

303 3899 372 3963 Auo.
416 3902 460 3950 lib.
493 3903 698 3965 praegustatori
733 3902 915 3952 benemercuti
968 3902 1054 3951 cuisse
1071 3902 1148 3965 dicit,
1165 3900 1459 3962 scilicetbenecoctoS,
1476 3900 1590 3949 ct.Leuz

302 3987 445 4049 collegium
460 3993 701 4049 praegustatoruuc
718 3985 794 4050 fecit,
812 3987 917 4035 curauit
970 3989 988 4036 l.
1008 3988 1024 4035 l.
1048 4001 1070 4049 p.
1095 3984 1151 4034 toa
1177 3985 1233 4044 Quo
1258 3986 1334 4034 modo
1357 3990 1423 4034 tunc
1446 3984 1591 4033 ederentur

303 4070 442 4119 Eridanus
460 4069 530 4133 Aug.
549 4072 592 4121 lib.
609 4077 777 4133 procurator.
796 4071 833 4120 cf.
845 4071 916 4120 Heu·
972 4071 1030 4120 vide
1048 4071 1118 4134 apud
1136 4069 1263 4120 Senecam
1281 4070 1312 4120 N.
1330 4069 1358 4128 Q.
1377 4068 1411 4118 IV
1429 4067 1475 4133 13,
1493 4068 1533 4118 10.

304 4170 350 4204 reu
368 4156 399 4204 arl
419 4154 446 4204 Ο.
465 4156 483 4203 Ι.
504 4157 529 4204 L.
549 4156 581 4203 Vl
599 4154 673 4205 9005.
1002 4170 1095 4218 prope.
1113 4170 1172 4204 raro
1188 4168 1275 4217 prope
1290 4155 1322 4203 ad
1338 4159 1446 4216 tempus
1466 4153 1589 4203 indican-

339 4238 372 4302 [p.
381 4238 440 4301 rtt]
451 4240 575 4289 boletum.
586 4241 664 4289 boleti
673 4238 811 4303 (Agaricus
821 4239 916 4289 Caesa·
970 4242 1033 4288 dum
1045 4245 1195 4302 usurpatur.
1206 4240 1281 4288 Falso
1289 4238 1397 4288 omuino
1403 4237 1511 4301 Seneca,
1518 4252 1589 4287 mor·

304 4339 365 4373 reus
374 4324 505 4388 Scbiill'er,
515 4326 546 4373 ct.
557 4325 638 4387 Leuz,
649 4324 760 4373 Botunilr
770 4325 794 4373 d.
805 4325 878 4373 R'om.
890 4340 915 4374 u.
970 4329 1026 4373 tem
1053 4325 1097 4373 diu
1116 4325 1229 4373 celatam
1247 4338 1304 4373 esse
1322 4323 1507 4385 dissimulans,
1524 4322 1590 4371 dicit

304 4409 433 4457 Griecben
452 4424 475 4471 p.
492 4407 547 4458 753.
559 4408 603 4458 751
617 4407 707 4469 usto)
717 4410 787 4458 inter
804 4409 917 4472 optimos
971 4409 1075 4472 Apocol.
1093 4408 1122 4471 2,
1140 4407 1169 4456 3:
1189 4408 1287 4458 boram
1302 4413 1589 4470 uoupoasumccrtam

304 4493 400 4556 fungos
426 4499 502 4543 erant
528 4492 571 4555 (cf.
598 4494 676 4543 Mart.
700 4495 710 4542 l
734 4492 781 4557 ab,
798 4493 826 4542 ⁸2:
844 4495 916 4542 solus
972 4495 1022 4543 tibi
1048 4494 1151 4557 dicere,
1169 4520 1202 4527 -
1221 4500 1312 4543 taurea
1337 4494 1409 4542 iuter·
1434 4498 1541 4542 scutum
1564 4498 1590 4542 et

304 4578 414 4640 boletos,
429 4577 695 4640 Caeciliaua,vor·as;
714 4577 842 4643 lllbll,5:
853 4586 918 4627 saut
971 4579 1116 4641 septimam
1126 4577 1590 4640 erat—Claudiuoauimamagere

304 4663 353 4710 tibi
381 4662 476 4723 bolctt;
501 4662 601 4724 fungos
626 4677 674 4725 epo
697 4673 775 4713 suum
798 4661 916 4726 suillos),
970 4663 1057 4725 coepit
1074 4677 1122 4711 uec
1139 4662 1263 4711 inuenire
1280 4662 1386 4710 exitura
1401 4667 1516 4723 poterat.

303 4752 331 4794 et
362 4747 488 4796 innoxios.
523 4748 652 4811 Galenus,
683 4749 713 4797 de
746 4748 833 4810 probis
856 4763 916 4811 pra·
1005 4747 1138 4796 uouuullr'.
1165 4747 1206 4795 lris
1232 4746 1263 4795 de
1287 4760 1438 4795 summare
1457 4747 1589 4795 consentit

304 4833 396 4896 visque
418 4833 552 4882 alimentis
569 4833 592 4882 4.
611 4832 626 4881 5
644 4831 680 4896 (p.
699 4831 748 4882 770
765 4837 793 4882 et
809 4830 858 4881 785
875 4834 915 4882 ed.
974 4832 1096 4895 Tacitus,
1113 4832 1159 4895 qui
1177 4837 1268 4881 tamen
1286 4835 1313 4879 et
1330 4831 1362 4879 de
1380 4832 1495 4895 clystere
1512 4830 1588 4879 etde
