3322 5512
722 341 760 399 25

19 596 22 600 ι
101 516 295 624 rescripsit,
322 526 554 624 quadraginta
579 550 704 601 aureos
729 527 764 599 in
782 526 983 601 Saturnalia
1000 534 1034 599 et
1050 523 1227 619 Sigillaria
1243 522 1381 596 misisse
1484 560 1512 594 1.
1541 520 1571 593 ⁷ss

102 654 143 728 ei.
160 655 264 727 Tunc
280 652 421 727 demum
439 653 574 726 abiecta
592 675 654 748 spe
672 651 870 747 dignitatis,
888 650 934 724 ad
952 651 1060 724 otium
1073 649 1260 741 concessit,
1278 648 1381 721 modo

101 779 137 851 in
161 778 271 852 hortis
297 786 331 851 et
349 779 567 869 suburbano,
591 776 694 850 modo
712 777 748 849 in
766 775 980 872 Campaniae
999 798 1141 849 secessu
1156 774 1382 866 delitescens,

102 912 207 999 atque
233 927 277 976 ex
303 903 527 976 contubernio
553 901 867 975 sordidissimorum
894 900 1071 974 hominurn
1097 923 1203 996 snper
1229 908 1383 972 veterem

102 1027 271 1124 segnitiae
296 1036 412 1102 notam
438 1027 617 1101 ebrietatis
642 1049 780 1123 quoque
806 1035 841 1100 et
865 1026 965 1099 aleae
990 1025 1168 1097 infamiam
1195 1023 1308 1097 subiit.

149 1154 212 1228 VI.
262 1151 353 1227 Cum
396 1152 552 1244 interim,
599 1175 812 1248 quamquam
856 1152 922 1224 hoc
963 1150 1065 1223 modo
1103 1149 1239 1245 agenti,
1285 1171 1383 1221 num-

102 1301 206 1373 quam
252 1291 313 1351 ant
354 1277 503 1350 officium
541 1277 718 1350 hominum
755 1285 816 1350 aut
854 1275 1052 1349 reverentia
1088 1274 1227 1371 publice
1265 1273 1383 1347 defuit.

145 1432 207 1490 Τοο.
238 1433 319 1490 Ann.
350 1431 418 1490 XII
444 1433 493 1489 49.
534 1430 607 1490 Erat
639 1429 841 1507 Cappadociae
876 1434 1049 1506 procurator
1078 1428 1176 1488 Iulius
1207 1427 1383 1503 Paelignus,

101 1537 219 1614 ignavia
238 1537 329 1597 animi
350 1542 381 1596 et
402 1536 568 1596 deridiculo
589 1537 721 1614 corporis
741 1536 828 1595 iuxta
848 1535 1075 1613 despiciendus,
1098 1537 1151 1596 sed
1172 1536 1296 1596 Claudio
1317 1553 1384 1612 per-

103 1666 191 1724 quam
211 1646 381 1721 familiaris,
410 1665 479 1706 crim
500 1645 635 1723 privatus
657 1644 728 1704 olim
750 1644 975 1704 conversatione
997 1663 1167 1705 scurrarum
1188 1643 1269 1703 iners
1290 1642 1384 1702 otium

102 1754 271 1813 oblectaret.

102 1977 155 2009 των
184 1965 238 2015 τοῖς
259 1958 346 2024 φίλοις
371 1938 470 2023 ὁμιλεῖν
492 1957 614 2022 Καίσαρα
638 1962 712 2021 ιερῶ-
768 1962 798 2009 Ρ.
811 1962 971 2023 Petronius,
988 1967 1063 2010 uetus
1075 1963 1288 2022 conuictoreius,
1304 1961 1383 2008 lronro

102 2061 145 2092 τον
169 2041 384 2109 μηχανήσασθαι.
409 2045 483 2096 Suet
508 2045 574 2109 Aug.
595 2044 637 2094 81.
654 2045 713 2094 Tac.
769 2046 921 2095 Claudiana
955 2048 1049 2109 lingua
1083 2047 1209 2096 disertus.
1245 2047 1384 2094 Lehmann

101 2130 169 2179 Ann.
188 2128 281 2179 11139.
768 2132 907 2194 (Claudius
942 2132 997 2181 und
1033 2132 1106 2181 seine
1133 2131 1188 2180 Zeit
1216 2147 1239 2194 p.
1265 2128 1309 2192 8‘2)
1341 2131 1382 2179 liis

133 2230 237 2264 aureos.
264 2230 361 2264 aureus
387 2221 445 2277 post
471 2214 611 2264 Caesarem
629 2217 713 2264 dieta-

102 2306 185 2350 torem
213 2304 322 2349 centnm
346 2301 531 2349 sestertiorum
555 2301 597 2350 rel
620 2301 715 2364 uiginti

102 2386 222 2449 quinque
238 2385 407 2434 denariorum
420 2389 485 2448 erat,
499 2386 531 2434 cf.
545 2385 592 2434 Dio
604 2385 650 2448 55,
668 2385 714 2447 10,

103 2474 131 2520 b:
148 2473 266 2533 χρυσοῦν
283 2465 332 2533 γὰρ
350 2465 384 2534 δὴ
402 2467 448 2519 καὶ
461 2465 513 2534 ἐγὼ
524 2466 552 2518 τὸ
561 2467 676 2532 νόμισμα
686 2466 714 2518 τὸ

101 2551 146 2610 τὰς
167 2551 244 2603 πέντε
264 2551 310 2604 καὶ
327 2553 411 2603 εἴκοσι
430 2551 551 2620 δραχμὰς
569 2550 715 2618 δυνάμενον

103 2635 171 2689 κατὰ
188 2636 216 2688 τὸ
234 2636 379 2704 ἐπιχώριον
396 2636 529 2703 ὀνομάζω.

134 2725 294 2775 Saturnalia
319 2732 345 2774 et
362 2725 513 2788 Sigillaria.
548 2724 715 2786 Saturnalia,

64 2808 67 2834 ²
102 2826 171 2874 quae
195 2811 245 2860 sub
269 2811 389 2874 Augusto
413 2816 441 2860 et
465 2811 568 2860 Tiberio
592 2825 638 2874 per
661 2815 715 2860 tres

102 2896 157 2945 dies
195 2896 399 2945 celebrabantur
432 2892 609 2959 (quamquam
643 2895 715 2943 enim

101 2997 163 3030 vera
176 2980 329 3030 Saturnalia
337 2979 386 3029 sub
396 2979 599 3042 imperatoribus
609 2993 715 3042 quoque

102 3067 181 3116 unius
196 3066 248 3114 diei
262 3063 525 3127 fuerunt,dugustus
539 3063 714 3126 pertriduum

103 3151 179 3201 terias
213 3150 365 3199 iudiciarias
395 3148 493 3197 servari
519 3149 646 3211 iusserat,
681 3149 718 3196 ct:

101 3235 213 3285 Macrob.
232 3233 262 3298 1,
284 3233 330 3297 10,
353 3233 376 3282 1.
406 3231 452 3295 03,
477 3232 598 3281 Momms.
627 3232 659 3281 ad
686 3230 714 3280 0.

102 3321 120 3369 l.
144 3321 171 3370 L.
194 3317 218 3368 1²
241 3319 255 3368 1
280 3335 303 3382 p.
329 3317 404 3380 337),
428 3317 613 3379 sequebantur
636 3316 714 3379 Sigil-

103 3405 181 3468 laria,
205 3418 274 3468 quae
299 3417 397 3453 nomen
414 3407 556 3451 traxerunt
573 3418 589 3451 a
608 3402 714 3464 sigillis,

103 3489 199 3552 quibus
208 3488 283 3552 pueri
296 3488 465 3536 donabantur
477 3487 509 3535 cf.
522 3487 602 3536 Mace.
620 3486 649 3550 1,
667 3484 715 3547 10,

96 3574 146 3623 dl:
164 3574 216 3624 Sed
234 3574 444 3635 Sigillariorum
458 3572 563 3622 adiecta
576 3572 715 3622 celebritas

102 3660 132 3708 in
156 3665 258 3721 septem
281 3659 338 3707 dies
362 3658 518 3706 discursum
535 3657 673 3718 publicum
691 3664 716 3707 et

103 3744 239 3792 laetitiam
255 3742 397 3803 religionis
413 3743 543 3791 ostendit.

134 3827 286 3890 dignitatis.
305 3840 339 3874 sc.
358 3828 506 3875 senatoriae
525 3831 556 3874 ut
573 3827 632 3875 Tac.
646 3827 714 3875 dnn.

102 3913 137 3961 ΙΙΙ
169 3911 214 3961 17;
241 3907 295 3972 (uti
321 3909 357 3958 M.
383 3911 448 3960 Piso
474 3918 555 3961 enrrta
580 3912 716 3974 dignitate

102 3999 278 4061 relegaret-ur.

133 4097 237 4133 secessu
275 4081 450 4144 Campaniae.
499 4080 626 4130 Claudius
666 4082 715 4130 vil-

102 4169 154 4217 lam
193 4167 323 4230 Pompeiis
358 4167 500 4228 possedisse
532 4167 650 4228 videtur,
683 4167 715 4215 ct.

101 4269 122 4302 c.
150 4252 196 4301 27:
226 4252 348 4300 Dmiscm
378 4251 520 4312 Pompeiis
544 4251 716 4313 impuberem

101 4339 203 4387 amisit.

133 4423 358 4474 sordissimorum
384 4422 533 4470 bominum.
577 4435 592 4470 e
618 4421 715 4484 quibus

102 4507 166 4556 duos
181 4507 317 4555 novimus:
337 4506 509 4570 Paelignum,
528 4503 713 4569 quia801rlbl

102 4596 254 4654 procurator
267 4590 445 4653 Cappadociae
455 4591 519 4654 fuit,
535 4592 567 4640 ci.
577 4591 636 4640 Tac.
647 4592 714 4640 Anu.

101 4676 148 4725 llll
164 4675 205 4740 19,
220 4681 248 4726 et
265 4676 292 4725 P.
311 4676 465 4725 Petronium
476 4691 519 4724 tros
537 4691 559 4724 a.
570 4674 715 4736 770110(οο

101 4775 154 4824 quo
171 4761 231 4810 vide
240 4760 412 4824 Nipp-Andr.
423 4761 456 4808 ad
465 4760 524 4809 Tac.
535 4761 602 4809 Anu.
613 4758 714 4821 11119),

102 4845 133 4894 cf.
152 4844 213 4895 Sen.
231 4845 335 4909 Apocol.
353 4844 400 4909 11,
418 4845 447 4895 2:
467 4845 577 4895 tandem
592 4846 715 4908 procedit

768 2218 872 2268 duobus
886 2223 941 2266 tres
954 2217 1067 2266 addidit:
1087 2216 1200 2279 Babam,
1213 2216 1383 2279 Arrgurinum

769 2309 795 2353 et
826 2304 1024 2367 Theogonium3
1055 2303 1112 2351 sine
1138 2315 1231 2363 causa,
1261 2306 1291 2349 ut
1317 2300 1384 2349 mibi

768 2390 879 2438 videtur.
904 2389 973 2438 Nam
997 2401 1085 2450 neque
1103 2402 1135 2436 ex
1152 2385 1273 2436 Suetonii
1291 2383 1383 2447 (huius

768 2474 837 2523 vitae
861 2490 882 2523 c.
900 2472 944 2534 10)
962 2473 1061 2522 verbis:
1089 2471 1205 2535 egotibi
1227 2471 1383 2533 Telegenius

768 2557 817 2619 (ita
841 2557 964 2617 Rathius)
981 2558 1093 2607 oicleort
1115 2571 1201 2619 neque
1218 2571 1249 2605 ex
1268 2555 1383 2605 Senecae

769 2644 872 2706 Apocol.
896 2642 925 2706 3,
950 2643 979 2692 1ι
1004 2643 1101 2705 Aperit
1126 2649 1184 2690 tum
1201 2641 1341 2702 capsulam
1359 2647 1384 2690 et

770 2735 823 2778 tres
841 2728 916 2789 fresos
934 2728 1055 2790 profert:
1072 2742 1143 2776 rinrrs
1161 2725 1383 2789 eratAugurini,

769 2815 838 2863 alter
847 2813 944 2875 Babae,
955 2815 1052 2873 tertius
1063 2811 1178 2861 Cbrrrdii.
1193 2811 1273 2874 „Hos
1283 2813 1383 2875 inquit,

770 2907 824 2949 tres
849 2915 903 2948 ιιιιο
929 2914 1000 2948 anno
1018 2899 1126 2960 exiguis
1144 2898 1295 2947 intemallis
1314 2903 1382 2945 tem-

769 3000 869 3048 porum
884 2985 983 3033 diuisos
998 2985 1069 3031 mori
1085 2983 1181 3031 iubebo
1196 2980 1290 3043 nee(ne
1300 2980 1383 3030 Web-

770 3070 833 3133 lius)
851 3071 931 3118 illum
949 3069 1142 3117 incomitatum
1155 3067 1304 3115 dimittam.
1322 3067 1383 3116 Non

770 3161 875 3218 oportet
906 3155 980 3203 enim
1005 3168 1081 3212 erint,
1114 3153 1161 3214 qui
1187 3152 1267 3200 modo
1293 3166 1320 3200 se
1347 3158 1385 3200 tot

769 3241 850 3288 utilia
876 3239 1018 3287 bantinum
1041 3237 1182 3299 sequentia
1204 3236 1327 3299 uidebat,
1346 3242 1383 3284 tot

767 3325 973 3386 praecedentia,
1010 3330 1047 3371 tot
1078 3321 1258 3383 circumfusa,
1294 3322 1383 3370 subito

769 3410 857 3458 solum
866 3409 986 3456 destitui.
1002 3407 1146 3456 Contentus
1156 3408 1209 3455 erit
1219 3405 1261 3454 bis
1271 3407 1384 3454 interim

770 3491 980 3541 conuictoribus''
990 3491 1169 3554 colligendum
1179 3494 1220 3538 est
1229 3505 1273 3539 eos
1280 3488 1383 3538 Claudii

770 3578 818 3627 sub
837 3578 940 3626 Tiberio
959 3578 1120 3626 ‹tanrictores
1138 3575 1227 3624 luisse.

802 3664 876 3711 aleae
892 3663 1050 3725 infamiam.
1081 3661 1143 3710 solis
1152 3661 1223 3709 enirn
1235 3659 1383 3709 Satin-nali-

771 3763 848 3796 orum
867 3747 961 3797 diebus
978 3748 1036 3796 alea
1049 3746 1141 3795 ludere
1154 3745 1249 3793 licebat
1258 3745 1290 3793 ef.
1301 3744 1383 3807 Marq.

770 3831 798 3879 V.
829 3831 896 3879 Prir.
927 3827 962 3878 11²
985 3846 1008 3893 p.
1032 3827 1081 3877 810
1107 3829 1128 3877 Α
1153 3828 1177 3878 1.
1209 3829 1247 3877 De
1273 3827 1384 3877 Claudio

770 3917 843 3964 aleae
860 3917 977 3965 studioso
995 3915 1027 3963 cf.
1045 3930 1066 3962 c.
1085 3912 1125 3962 33.

803 3999 926 4062 officium
952 4001 1144 4048 bominum-
1162 4000 1313 4048 reuerentia
1331 4014 1383 4060 pu-

771 4084 843 4134 blice.
869 4090 899 4132 ut
918 4085 985 4133 solet
999 4084 1142 4134 Suetonius
1158 4081 1201 4143 (ct.
1218 4083 1298 4132 huius
1313 4085 1383 4131 vitae

770 4184 790 4218 r.
823 4167 863 4216 13.
896 4168 935 4217 15.
963 4167 1003 4218 16.
1028 4167 1068 4217 18.
1092 4168 1138 4230 00,
1170 4169 1384 4231 Banmgarten-

770 4251 879 4301 Crusius
888 4253 968 4301 ludex
979 4251 1051 4301 Suet.
1059 4268 1081 4315 p.
1089 4250 1150 4313 833)
1158 4253 1320 4315 haequoque
1328 4253 1383 4301 loco

770 4337 886 4385 breviter
899 4337 1046 4399 praemittit
1060 4351 1105 4399 ea,
1122 4337 1154 4384 de
1164 4336 1261 4399 quibus
1271 4337 1383 4400 singulis

770 4437 829 4470 mox
840 4422 926 4470 fusius
935 4421 1010 4469 dicet.
1021 4421 1153 4469 Vocabula
1162 4421 1285 4483 officium
1295 4421 1383 4469 lronu'-
1414 4431 1416 4435 ’

769 4521 836 4555 nram
852 4507 922 4554 enim
938 4507 1072 4568 pertinent
1086 4506 1118 4553 ad
1133 4506 1214 4554 studii
1224 4508 1382 4554 etreveren-

770 4593 822 4640 tiae
832 4592 1005 4653 documenta,
1020 4604 1089 4652 iprae
1099 4595 1222 4652 equester
1230 4590 1292 4637 ordo
1303 4589 1382 4637 Clau-

770 4676 812 4725 dio
830 4676 915 4737 dedit3
933 4676 1085 4724 reuerentia
1103 4678 1193 4723 antem
1213 4674 1300 4735 adea,
1314 4688 1383 4736 quae

769 4768 879 4808 senatus
896 4765 987 4822 utpote
1003 4775 1048 4822 pro
1058 4759 1153 4822 populo
1162 4758 1280 4807 Romano
1290 4773 1383 4820 agens,

769 4844 892 4893 decrevit.
