3322 5512
912 338 930 395 4

182 581 188 595 .
280 516 405 596 deinde
459 516 658 596 Germanici
712 522 793 594 belli
846 521 1027 595 Oceanum
1074 518 1377 616 septentrionalem
1427 516 1559 616 primns

280 649 516 733 Romanorum
575 647 702 719 ducum
762 645 943 740 navigavit
1001 655 1168 739 transque
1228 645 1387 718 lihenum
1445 649 1560 718 tossas

325 845 449 904 Velleius
470 846 516 918 II,
538 848 584 904 ui.
606 864 677 904 cura
699 843 867 904 Germanici
889 843 959 902 belli
981 842 1118 919 delegata
1138 844 1237 902 Druso
1259 842 1391 902 Claudio.

319 953 378 1011 Dio
402 954 457 1026 54,
480 954 533 1011 32.
556 954 607 1011 33.
631 954 692 1023 36,·
735 955 789 1023 55,
812 954 826 1009 1
847 976 887 1000 =
910 949 981 1009 Zon.
1004 949 1049 1025 X,
1073 952 1116 1008 35
1131 969 1162 1025 p.
1185 952 1245 1008 418
1265 970 1307 1026 sq.

319 1058 384 1117 Liu
407 1055 538 1117 Perioclr.
564 1061 730 1117 139-142.

319 1165 485 1241 Eutropius
513 1163 582 1239 VII,
604 1167 630 1223 9.
673 1166 728 1224 hoc
756 1170 855 1223 tamen
881 1164 994 1223 bellum
1019 1161 1252 1240 (Germanicum)
1273 1181 1327 1239 per
1347 1137 1479 1221 Drusum
1501 1162 1560 1238 pri-

278 1271 402 1346 vignum
424 1289 512 1330 suurn
533 1271 761 1330 administravit.

318 1378 432 1436 Florus
455 1379 507 1452 IV,
534 1381 585 1452 12,
611 1381 662 1437 22.

324 1485 449 1544 Orosius
480 1485 533 1560 VI,
564 1488 615 1558 21,
647 1487 691 1545 12.
734 1486 850 1543 Drusus
886 1485 1030 1543 maximas
1064 1483 1301 1560 fortissimasque
1335 1490 1441 1558 gentes
1469 1484 1560 1542 armis

279 1593 412 1668 subegit,
435 1595 550 1652 15—17
574 1593 691 1652 Drusus
711 1593 742 1651 in
764 1591 930 1652 Germania.

322 1699 441 1758 Claudii
467 1699 568 1758 Oratio
590 1700 623 1758 de
642 1700 708 1758 iure
728 1700 875 1758 honorant
902 1698 999 1758 Gallis
1020 1697 1118 1756 dando
1137 1723 1178 1747 =
1198 1697 1282 1755 Dess.
1304 1717 1333 1756 n.
1358 1700 1427 1756 312.
1454 1698 1512 1756 aot.
1529 1698 1565 1757 II

278 1806 330 1864 lin.
354 1808 404 1865 36.
426 1807 503 1882 patri
526 1825 591 1865 meo
612 1807 709 1865 Druso
732 1804 920 1865 Germaniam
942 1803 1100 1880 subigenti.

317 1912 378 1970 Dio
401 1915 456 1985 54,
481 1914 539 1986 32,
564 1915 592 1970 2.
635 1913 664 1984 ἒς
683 1937 717 1976 τε
737 1914 786 1975 τὸν
808 1910 934 1973 ὠκεανὸν
956 1909 1005 1973 δια
1026 1917 1077 1974 τοῦ
1091 1910 1190 1984 Ῥήνου
1207 1911 1432 1981 καταπλεύσας
1445 1911 1513 1982 τούς
1526 1936 1560 1974 τε

278 2019 409 2099 Φριοίονς
434 2019 618 2098 ᾠκειώσατο,
652 2020 704 2083 καὶ
729 2021 759 2089 ἐς
783 2020 837 2092 τὴν
863 2017 1004 2081 Χανκίδα
1029 2016 1078 2081 δια
1102 2024 1154 2090 τῆς
1178 2016 1285 2093 λίμνας
1308 2017 1456 2095 ἐμβαλὼν
1482 2020 1558 2082 ε’κιν-

278 2127 414 2199 δύνευσε,
450 2131 506 2190 τῶν
543 2126 654 2190 πλοίων
690 2126 748 2190 ὑπὸ
784 2133 836 2199 τῆς
870 2131 921 2189 τοῦ
956 2126 1083 2189 ὠκεανοῦ
1117 2125 1295 2204 παλιρροίας
1320 2125 1370 2188 ἐπὶ
1396 2131 1446 2190 αὖ
1472 2131 1560 2208 ξηροῦ

279 2233 455 2309 γενομένων.

321 2341 383 2399 Τοο.
405 2343 484 2399 Anu.
507 2342 552 2414 II,
577 2346 604 2399 8.
647 2346 847 2417 precatusque
876 2328 1007 2399 Drusum
1035 2345 1165 2416 patrem,
1201 2346 1235 2398 ut
1263 2357 1295 2398 se
1322 2339 1426 2398 eadem
1453 2357 1559 2398 ausum

277 2449 408 2519 iuvaret,
429 2449 512 2507 lacus
533 2449 603 2506 inde
624 2455 655 2507 et
676 2447 826 2508 Oceanum
847 2482 885 2490 -
907 2449 1081 2525 pervehitur
1102 2446 1329 2524 (Germanicus).

322 2556 384 2614 Tac.
412 2554 509 2614 Germ.
533 2557 583 2613 34.
625 2556 724 2631 ipsum
753 2589 791 2597 —
820 2553 970 2614 Oceanum
1000 2589 1037 2599 μ·
1065 2555 1277 2631 temptavimus
1306 2589 1344 2597 —
1372 2554 1435 2613 Nec
1464 2555 1560 2613 debut

277 2662 418 2722 audentia
443 2663 541 2721 Druso
570 2661 760 2736 Germanico,
788 2662 841 2721 sed
869 2661 984 2722 obstitit
1013 2660 1148 2721 Oceanus
1176 2661 1207 2720 in
1236 2679 1278 2735 se,
1297 2661 1387 2720 simul
1415 2667 1505 2738 atque
1528 2663 1559 2719 in

278 2769 439 2828 Herculem
459 2769 579 2845 inquiri.

277 2977 424 3040 profligavit
442 2978 510 3040 apud
528 2977 607 3040 Alpes
625 2977 808 3040 Tridentium,
826 2977 889 3026 mis-

277 3077 322 3111 sus
344 3062 371 3110 in
389 3076 433 3110 eos
450 3061 483 3111 ob
501 3063 678 3124 incursiones,
703 3077 769 3125 quas
787 3076 891 3124 semper

277 3149 304 3196 in
323 3148 427 3196 italiam
445 3153 472 3197 et
489 3147 601 3196 Galliam
620 3147 760 3196 faciebant.
785 3145 890 3207 (Strabo

277 3232 324 3294 lV,
353 3230 382 3289 6,
411 3230 427 3278 e
453 3247 476 3294 p.
503 3229 553 3280 200
579 3227 736 3294 κατέτρεχον
761 3226 816 3290 ἀεί,
843 3232 890 3280 Dio

276 3316 322 3379 54,
339 3315 391 3369 22).
411 3317 484 3366 Hanc
502 3317 636 3365 victoriam
655 3316 727 3364 tituli
747 3321 889 3365 testantur.

277 3400 303 3451 0.
314 3403 332 3450 Ι.
343 3402 369 3450 L.
380 3399 489 3451 vute:
505 3397 630 3462 [Nerolni
640 3399 760 3450 Claiidio.
773 3397 833 3462 [Tu
845 3397 888 3462 [fi]

276 3487 380 3536 Druse.
393 3525 398 3536 .
409 3525 414 3536 .
425 3488 456 3535 ni
465 3493 489 3535 et
503 3486 666 3547 Trumplini.
680 3483 707 3533 0.
718 3485 736 3533 1.
746 3484 806 3533 L.·V
816 3482 890 3534 8003,

276 3569 343 3620 8002
363 3588 392 3614 =
412 3572 483 3620 Dess.
508 3586 533 3619 n.
556 3567 617 3618 208ι
646 3569 726 3619 Viuin
745 3568 891 3618 Claudiani

275 3655 442 3718 Aupustani,
462 3670 547 3718 ‹puaiu
564 3656 670 3704 Drusus
686 3654 890 3717 puterdlpibus

277 3741 342 3790 tullo
357 3741 502 3804 patefactis
520 3736 695 3802 derex[e]rat.

311 3826 467 3875 Gernmntct
489 3826 559 3875 tratti.
595 3824 735 3888 Sugambri
753 3839 768 3873 a
786 3823 889 3888 742442,

276 3910 454 3959 incursionem
489 3909 515 3958 in
549 3907 663 3958 Galliam
696 3911 814 3959 fecerant
846 3908 890 3973 (ci.

276 3993 369 4043 Strabo
393 3993 453 4056 Vll,
477 3993 505 4057 l,
523 3992 539 4041 3
557 4009 579 4057 p.
599 3992 661 4043 aut:
689 3989 823 4057 ἧρξανδὲ
845 3998 890 4042 τοῦ

274 4074 391 4141 πολέμου
418 4074 591 4142 Σούγαμβροι
620 4074 731 4142 πλήσιον
757 4094 771 4126 ο
802 4082 891 4133 οῦντες

275 4165 321 4210 τοῦ
335 4159 440 4226 Ῥήνου,
457 4158 575 4212 Μέλωνα
590 4160 693 4226 ἔχοντες
707 4159 789 4227 ἠγέμο
823 4201 830 4223 ,
845 4165 890 4213 Diu

276 4246 320 4309 54,
338 4245 382 4309 32,
401 4246 440 4310 l),
459 4248 556 4311 quibus
574 4248 732 4312 profligatis,
751 4249 805 4311 ipse
821 4249 890 4297 Dru-

276 4347 321 4381 sus
350 4332 450 4380 bellum
473 4332 630 4381 Germaniae
653 4332 751 4380 intulit.
777 4332 891 4394 Legatus

275 4417 346 4466 enirn
380 4431 402 4466 a.
436 4412 526 4477 toute
552 4417 578 4464 in
607 4414 694 4464 Gallia
720 4416 753 4464 ab
771 4417 890 4480 Augusto

276 4502 383 4550 relictus
394 4506 466 4551 erat.
484 4499 528 4562 (cf.
548 4502 595 4549 Dio
614 4500 661 4563 54,
678 4500 725 4563 25,
743 4499 778 4563 l).

311 4584 446 4635 Oceanum
470 4586 709 4648 septentrionalem
730 4601 801 4634 mare
819 4587 889 4650 quod

276 4670 353 4719 hodie
371 4671 505 4720 Noorulzee
522 4672 677 4733 appellatur.

310 4756 455 4816 naoipuoit.
491 4769 560 4804 anno
579 4752 669 4815 inette
697 4759 727 4802 nt
744 4755 792 4803 Dio
808 4755 890 4804 tradit

279 4839 369 4887 Rheno
396 4839 521 4889 derectus
548 4854 594 4901 per
614 4839 710 4888 fossam
732 4839 889 4889 Drusianam

944 2982 971 3026 et
987 2978 1074 3025 lacum
1093 2977 1202 3026 Flevum
1220 2977 1248 3025 in
1263 2976 1329 3025 fines
1342 2977 1485 3025 Frisiorum
1499 2991 1558 3039 per-

944 3062 1023 3111 venit.
1041 3061 1143 3120 Quibus
1160 3061 1187 3110 in
1205 3062 1348 3111 amicitiam
1364 3077 1421 3124 pop.
1432 3063 1506 3111 Rom.
1517 3078 1559 3111 re-

944 3146 1026 3208 ceptis
1035 3160 1164 3195 oceanum
1173 3147 1297 3210 intravit,
1311 3148 1475 3211 insulasque,
1488 3149 1558 3196 inter

944 3245 1011 3293 quas
1028 3230 1121 3280 Straba
1139 3233 1174 3280 ll.
1193 3237 1219 3280 et
1237 3232 1339 3281 Plinius
1357 3234 1392 3281 li.
1410 3233 1556 3282 Burcannm

944 3313 1033 3375 (bodie
1049 3313 1177 3375 Borkum)
1193 3317 1343 3379 nominant,
1362 3318 1438 3380 cepit.
1459 3319 1558 3366 Deinde

944 3399 1131 3449 Bructerorum
1164 3403 1274 3450 classem
1305 3403 1331 3450 in
1356 3404 1421 3452 ostio
1444 3403 1559 3452 Amisiae

944 3485 1108 3549 profligavit,
1126 3487 1300 3550 pervenitque
1313 3503 1398 3551 usque
1412 3489 1442 3536 ad
1458 3490 1557 3536 tlurnen

919 3585 921 3589 ·
944 3569 1076 3634 Visurgim
1101 3572 1127 3619 in
1153 3570 1218 3620 lines
1243 3570 1419 3621 Chaucorum.
1443 3570 1486 3633 (cf.
1512 3573 1559 3621 Dio

944 3656 979 3703 l.l.
1001 3655 1148 3704 Mommsen
1162 3656 1227 3705 Hist.
1242 3655 1316 3705 Rom.
1330 3656 1359 3719 V,
1372 3654 1424 3717 25).
1443 3657 1558 3706 Rediens

945 3754 1072 3803 magnum
1091 3741 1239 3802 periculum
1254 3755 1405 3804 perpessus,
1428 3757 1488 3790 curn
1510 3757 1558 3791 na-

946 3839 990 3873 ves
1007 3830 1113 3888 propter
1131 3839 1261 3874 recessum
1280 3825 1359 3874 maris
1379 3827 1406 3874 in
1417 3826 1484 3875 sicco
1498 3828 1557 3875 des-

945 3909 1121 3972 tituerentur,
1146 3924 1161 3958 a
1180 3909 1268 3958 Frisiis
1286 3911 1359 3958 noris
1380 3910 1485 3973 arniciS,
1503 3926 1559 3960 ser-

945 3999 1022 4044 vatus
1040 3999 1088 4043 est.

978 4079 1063 4143 Vulgo
1072 4095 1133 4129 curn
1141 4080 1267 4130 Suetonio
1277 4085 1304 4128 et
1309 4080 1398 4129 Tacito
1405 4078 1505 4141 (Germ.
1514 4079 1558 4140 34)

946 4179 1063 4227 pugnare
1074 4165 1190 4214 creditur
1202 4165 1318 4214 Velleius
1332 4166 1369 4227 ll,
1388 4164 1451 4228 too,
1470 4166 1559 4214 dicens

945 4249 977 4297 de
986 4250 1151 4311 expeditione
1164 4250 1260 4299 Tiberii
1272 4249 1391 4299 Caesaris
1404 4264 1473 4298 anno
1484 4248 1558 4313 75845

944 4334 1027 4383 iacta:
1052 4336 1144 4384 classis
1155 4335 1231 4383 -ub
1250 4335 1387 4396 incopnim
1405 4341 1468 4383 ante
1483 4337 1558 4384 utari

944 4417 1060 4481 sluniine
1077 4418 1141 4467 Albi
1159 4420 1280 4467 subvectu
1294 4445 1328 4452 -
1341 4420 1472 4468 exercitui
1492 4418 1557 4468 Cac-

944 4505 1055 4566 surique
1078 4518 1105 4552 se
1129 4504 1227 4553 iunxit.
1254 4503 1421 4566 Quamquam
1441 4503 1558 4552 Velleius

946 4589 1031 4636 multa
1048 4588 1195 4637 adulatorie
1209 4588 1390 4651 exaggeravit,
1409 4588 1495 4636 nescio
1510 4603 1557 4637 an-

944 4686 997 4721 non
1013 4672 1063 4721 hac
1078 4672 1105 4720 in
1120 4687 1147 4721 re
1162 4673 1232 4721 idem
1243 4673 1342 4722 iecerit.
1361 4673 1462 4721 Drusus
1472 4673 1557 4735 enim,

945 4756 1071 4820 usquead
1083 4755 1216 4817 Visurgim
1227 4758 1351 4818 peruenit⁴
1369 4758 1466 4806 mansit
1476 4759 1559 4820 igitur

944 4840 1033 4888 classis
1065 4841 1121 4889 eius
1148 4841 1174 4888 in
1201 4842 1284 4902 spatio
1311 4841 1380 4889 intra
1407 4847 1503 4890 terram
1531 4846 1559 4890 et
