3322 5512
916 333 973 392 120

184 524 212 593 '.
305 527 559 616 exponerentur
591 518 718 592 liberos
752 542 830 592 esse
864 518 998 612 sanxit,
1034 541 1096 591 nec
1130 516 1244 591 redire
1269 517 1303 590 in
1331 515 1500 592 dicionem
1528 517 1588 592 do-

305 644 406 736 mini,
432 642 460 717 si
487 643 763 735 convaluissent3
789 641 883 737 quod
909 642 938 715 si
964 642 1044 738 quis
1069 665 1195 715 necare
1219 665 1322 737 quem
1341 643 1462 717 mallet
1480 665 1587 739 quam

304 791 495 865 exponere,
520 767 639 842 caedis
664 766 807 840 crimine
831 767 951 840 teneri.
978 767 1140 844 Viatores
1166 791 1210 840 ne
1234 791 1298 863 per
1314 767 1440 842 ltaliae
1458 767 1590 864 oppida

304 893 370 966 nisi
396 901 457 967 aut
482 891 630 988 pedibus
656 902 716 965 aut
742 891 830 964 sella
855 902 916 965 aut
941 890 1064 966 lectica
1081 891 1287 985 transirent,
1313 893 1446 965 monuit
1464 891 1588 966 edicto.

306 1017 461 1092 Puteolis
495 1025 529 1091 et
563 1016 685 1091 Ostiae
711 1016 870 1112 singulas
896 1016 1054 1091 cohortes
1080 1015 1126 1089 ad
1152 1016 1323 1090 arcendos
1348 1016 1588 1091 incendiorum

305 1166 408 1218 casus
435 1141 627 1216 collocavit.

345 1295 404 1354 Dio
427 1297 482 1369 60,
505 1296 560 1367 29,
584 1297 600 1352 7
617 1319 658 1344 =
676 1294 748 1352 Zou.
771 1293 823 1352 XI
839 1296 859 1352 9
874 1313 906 1370 p.
928 1295 994 1352 468
1010 1318 1051 1343 =
1070 1293 1183 1352 Suidas
1201 1314 1225 1352 s.
1246 1313 1272 1353 o.
1294 1293 1454 1364 Κλαύδιος.
1483 1294 1589 1369 ἐπειδή

304 1425 338 1465 σε
362 1399 471 1464 πολλοὶ
495 1400 617 1470 δούλους
640 1400 866 1480 ἀρρωστοῦντας
890 1399 1031 1476 ούδεμιῖις
1053 1396 1224 1479 θεραπείας
1248 1400 1347 1483 ἠξίουν
1371 1399 1459 1463 ἀλλὰ
1483 1397 1536 1464 καὶ
1555 1401 1590 1463 ἐκ

304 1509 361 1573 τῶν
386 1507 477 1571 οἰκιῶν
501 1506 693 1590 ἐξέβαλλον,
717 1505 921 1584 ἐνομοθέτησε
946 1506 1068 1571 πάντας
1091 1507 1160 1578 τοὺς
1183 1509 1218 1572 εἰι
1241 1513 1293 1573 τοῦ
1312 1507 1444 1572 τοιούτου
1461 1529 1587 1587 περιγε-

304 1612 444 1692 νομένους
467 1610 644 1693 ἐλευθέρους
668 1607 751 1677 εἶναι.

304 1820 349 1854 eos
373 1808 485 1854 curaret.
512 1804 610 1853 Romae
636 1804 707 1852 enlm
733 1818 853 1866 quoque,
885 1807 916 1852 ut
968 1805 993 1852 si
1020 1809 1067 1852 tua
1092 1805 1149 1853 sint
1175 1804 1294 1853 Puteolis
1320 1805 1475 1867 arenaria?
1508 1810 1536 1854 et
1561 1805 1589 1854 in

304 1889 443 1952 Epidauri,
477 1888 548 1951 aegri
579 1888 606 1936 in
637 1889 736 1950 templo
767 1887 916 1950 Aesculapii
970 1888 1085 1937 marimo
1103 1888 1195 1937 ltaliae
1213 1888 1328 1951 emporio
1346 1888 1403 1938 sine
1417 1889 1497 1938 dnbio
1512 1891 1589 1953 plura

305 1972 484 2035 dormiebant,
512 1971 610 2035 quibus
636 1972 701 2020 dens
724 1986 769 2034 per
792 1986 915 2020 somnum
971 1974 1064 2022 horrea
1088 1972 1220 2022 mercibus
1237 1971 1369 2020 destinata
1387 1973 1506 2021 fuerunt.

304 2059 446 2121 indicaret,
464 2072 532 2120 quae
549 2057 590 2105 via
605 2056 727 2106 medendi
742 2057 917 2119 ingredienda

305 2148 387 2203 esset,
410 2143 443 2193 cI.
467 2141 494 2192 O.
518 2142 536 2191 I.
555 2143 581 2191 L.
600 2141 633 2190 Vl
657 2141 680 2190 5.
704 2140 809 2203 Xaibel,
837 2141 916 2190 Inscr.

306 2228 349 2278 Gr.
367 2227 459 2276 ltaliae
476 2231 503 2276 et
520 2225 623 2276 Siciliae
640 2223 698 2274 966.

338 2312 428 2361 oniuis
451 2310 549 2360 liberos
572 2324 627 2359 esse
643 2311 742 2359 sanxit.
768 2310 867 2372 edicto,
884 2309 916 2358 cf.

306 2396 362 2458 Ilig.
379 2394 425 2458 to,
443 2393 472 2458 8,
490 2393 519 2443 *λι
537 2408 611 2443 seruo
628 2407 710 2457 quem
724 2408 776 2456 pro
789 2394 917 2443 derelicto

305 2479 432 2529 dominus
444 2479 476 2527 ob
485 2492 597 2541 prooem
605 2478 798 2540 infirmitatem
808 2477 919 2541 habuit,

306 2580 339 2615 ea
366 2565 450 2614 edicto
473 2565 530 2613 divi
555 2564 664 2613 Claudii
686 2563 814 2625 competit
837 2563 917 2612 liher-

308 2657 356 2699 tas.
379 2648 440 2698 God.
462 2649 526 2697 lust.
550 2647 596 2696 VII
619 2645 648 2710 6,
672 2645 696 2696 3.
723 2647 769 2696 Oio
786 2644 827 2709 60,
844 2645 917 2709 29st

307 2729 513 2797 (ἐνομοθέτησε).
537 2732 613 2780 Anno
635 2727 726 2793 sochi
751 2731 799 2779 lroe
817 2731 917 2779 facturn

307 2833 363 2868 esse
382 2818 446 2867 dicit
463 2817 510 2866 Dio
529 2814 558 2877 (l.
576 2815 605 2878 l.)
637 2816 638 2820 ’

338 2903 427 2952 caedis
450 2902 565 2951 ommino
589 2901 681 2950 teneri.
704 2900 774 2962 qnod
792 2899 919 2949 Claudius

307 2987 339 3036 de
356 2987 441 3049 aegris
458 2985 539 3034 servis
556 2985 665 3046 statuit,
683 2984 715 3032 de
728 2984 851 3033 omnibus
863 2999 918 3033 ser-

308 3072 344 3120 vir
375 3072 409 3121 ab
440 3069 572 3120 Hadriano
597 3070 706 3119 demum
732 3068 919 3131 Antoninoqne

307 3157 351 3205 Pio
371 3157 548 3206 constitutum
574 3160 626 3217 est,
653 3153 680 3202 cf
704 3152 765 3201 Vita
783 3153 860 3202 Hadr.
878 3151 917 3202 Is.

306 3239 389 3289 Gaius
407 3240 417 3288 I
436 3237 476 3290 53.

340 3325 395 3374 nisi
412 3330 461 3373 aut
475 3323 590 3386 pedibus
612 3327 660 3370 aut
675 3321 743 3369 sella
757 3327 805 3369 aut
819 3321 919 3370 lectica.

306 3409 419 3459 vetitum
443 3408 525 3471 igitur
551 3411 592 3455 est
608 3420 642 3455 ne
660 3420 728 3468 equo
745 3420 857 3454 curruve
875 3420 919 3454 ve-

307 3493 443 3540 herentur.
474 3489 548 3549 Quod
578 3489 726 3538 Hadrianus
752 3489 815 3549 (Vit.
842 3489 920 3540 Hadr.

306 3575 353 3638 3⁸2,
378 3574 406 3636 6)
424 3580 452 3624 et
468 3574 502 3624 M.
520 3574 670 3623 Antoninus
693 3572 756 3636 (Vit.
773 3574 807 3624 M.
823 3574 919 3624 Anton.

306 3659 355 3723 23,
373 3658 400 3722 8)
419 3664 588 3709 renovarunt.

341 3744 398 3794 Huc
418 3757 526 3808 quoque
544 3748 645 3806 spectat
662 3759 705 3793 me
722 3744 808 3793 iudice
826 3745 920 3794 notitia

307 3828 404 3878 Suidae
422 3843 442 3876 s,
456 3843 479 3876 v.
492 3822 637 3880 Klaridcoc:
656 3822 820 3891 ἀπηγόρευσε
832 3823 862 3876 di
874 3824 920 3877 καὶ

307 3908 335 3960 τύ
352 3907 514 3975 ’καθήμενόν
536 3928 592 3960 τινα
614 3906 656 3958 ἐπὶ
676 3909 792 3975 ἅρματος
814 3908 857 3961 διὰ
874 3917 920 3977 τῆς

306 3993 408 4050 πόλεως
431 3992 560 4054 ἐλαύνειν,
583 3996 625 4044 vix
647 3997 718 4045 enlm
737 3996 856 4046 homiues
873 3999 920 4046 ad-

307 4081 453 4130 monendos
471 4081 565 4130 fuissse
582 4081 659 4130 eredo
677 4096 710 4130 ne
729 4082 827 4130 Romae
840 4098 920 4131 curru

307 4167 481 4228 veherentur,
507 4166 577 4230 quod
602 4166 703 4215 dudum
724 4167 837 4215 vetitum
855 4166 920 4230 fuit,

307 4253 340 4303 cf.
358 4251 504 4301 Mommsen
524 4251 583 4302 StR.
603 4249 627 4299 Ι3
643 4249 693 4300 393
710 4266 739 4315 sq
751 4249 814 4300 :1²
823 4250 872 4300 377
881 4266 918 4315 sq.

340 4336 453 4405 monuit.
488 4335 570 4398 igitur
604 4335 725 4384 homines
749 4336 920 4399 praescripta,

307 4434 377 4482 quae
397 4414 452 4469 iam
476 4426 555 4469 antea
576 4420 637 4468 data
660 4434 716 4469 esse
739 4435 770 4469 ex
794 4420 843 4469 hoc
865 4422 920 4470 loco

307 4505 441 4567 colligitur
459 4520 511 4553 non
529 4505 707 4555 observarant.

341 4589 469 4639 Puteolis.
493 4590 528 4639 ibi
551 4591 605 4638 iam
630 4590 728 4639 liberae
746 4590 783 4638 rei
802 4590 920 4653 publicae

308 4679 394 4722 aetate
404 4675 526 4737 granaria
535 4679 625 4737 erant,
643 4675 675 4724 cf.
686 4673 738 4724 (lio.
748 4675 780 4723 de
790 4674 845 4724 Fin.
857 4674 918 4724 Bon.

308 4758 331 4806 ll
357 4757 397 4821 ⁶26,
423 4757 468 4807 sl:
501 4774 568 4807 nuru
593 4760 682 4822 ipitur
703 4760 843 4808 utiliorem
871 4759 919 4808 tibi

308 4843 378 4892 hunc
398 4840 540 4892 Triariuni
556 4850 637 4908 putas
654 4858 709 4894 esse
723 4859 816 4908 posse,
834 4859 919 4908 quam

1005 2056 1101 2106 Ostiae.
1135 2057 1172 2106 ibi
1198 2070 1305 2119 quoqne
1329 2071 1473 2120 permagna
1492 2057 1588 2107 horrea

970 2145 1104 2190 exstructa
1112 2140 1300 2204 erant,quibus
1308 2141 1476 2191 frumentum
1484 2142 1586 2191 aliaeve

970 2239 1072 2274 merces
1092 2224 1168 2274 condi
1191 2225 1306 2287 solebat,
1332 2226 1488 2288 praesertim
1510 2231 1588 2288 portu

971 2314 1117 2372 exstructo,
1135 2309 1167 2358 cf.
1187 2309 1234 2357 Dio
1251 2307 1298 2372 60,
1316 2308 1364 2373 31,
1382 2309 1411 2359 l:
1430 2305 1468 2364 ὡς
1483 2305 1590 2365 ύόῧνύς

971 2389 1123 2456 (Κλαύδιος)
1141 2410 1168 2441 τε
1183 2388 1210 2447 ἐς
1222 2389 1252 2442 τὰ
1262 2391 1357 2442 Ὤστια
1369 2389 1436 2456 πρὸς
1447 2389 1591 2459 ἐπίσκεψιν

971 2475 1043 2527 σίτου
1070 2473 1183 2542 κατέβη,
1207 2477 1226 2527 O
1252 2478 1271 2527 l.
1290 2478 1317 2527 L.
1336 2477 1395 2526 XIV
1412 2477 1446 2527 ‘IO
1465 2494 1494 2521 =
1513 2479 1588 2528 Dess.

972 2578 997 2611 n.
1015 2561 1078 2611 372:
1105 2588 1137 2596 —
1157 2577 1231 2624 proc.
1255 2563 1292 2611 ael
1315 2563 1404 2612 σίοαννν
1427 2565 1458 2612 in
1484 2562 1589 2613 Galbae

971 2647 1017 2704 (sc.
1044 2644 1160 2707 Irorreis)
1194 2645 1284 2695 Ostiae
1312 2649 1456 2710 utriusque
1483 2655 1590 2710 portus.

971 2729 1030 2780 XIV
1053 2728 1126 2793 loss,
1151 2729 1214 2778 4:
1233 2729 1279 2779 XV
1301 2731 1331 2781 4:
1357 2733 1460 2782 horreis
1487 2733 1588 2783 Postu-

971 2817 1074 2864 nrianis
1091 2812 1135 2876 (ef.
1153 2821 1243 2864 tamen
1263 2816 1366 2865 [tressel
1382 2816 1414 2865 ad
1430 2816 1457 2866 C.
1469 2817 1487 2866 I.
1498 2817 1525 2866 L.
1544 2818 1590 2866 XV

972 2902 988 2948 l.
999 2898 1035 2961 l.).
1044 2899 1103 2948 XIV
1111 2897 1170 2948 194.
1180 2898 1327 2948 Hirschfeld
1337 2900 1366 2949 V.
1377 2899 1407 2950 G.
1418 2902 1428 2950 I
1440 2917 1462 2964 p.
1472 2901 1554 2951 ltin
1566 2902 1590 2952 3.

1005 2985 1127 3047 sinpuhas
1162 2984 1288 3033 cohortes.
1327 2983 1416 3034 Ostiae
1450 2987 1588 3036 cohortem

972 3069 1054 3118 fnisse
1077 3068 1235 3119 confirmant
1260 3069 1312 3118 duo
1336 3070 1384 3119 Ioci
1402 3069 1499 3132 Taciti3
1520 3071 1588 3120 Hist.

973 3153 984 3202 I
1008 3152 1053 3202 80:
1077 3160 1232 3216 septantam
1255 3155 1397 3203 decunmni
1421 3155 1591 3206 cohortante

973 3239 1078 3288 comnia
1102 3237 1218 3286 Ostiensi
1242 3239 1272 3287 in
1295 3238 1391 3287 urbem
1414 3240 1498 3288 acciri
1522 3238 1591 3288 Otho

974 3324 1096 3372 iusserat.
1122 3320 1209 3371 1163:
1234 3323 1343 3371 addidit
1366 3329 1529 3384 temptatam
1547 3337 1590 3372 σο-

975 3407 1092 3468 hortem,
1118 3421 1189 3470 qliae
1215 3406 1305 3456 Ostiae
1330 3413 1422 3469 speret
1448 3405 1509 3469 (hoc
1534 3410 1591 3458 loco

973 3491 1030 3554 ipsa
1054 3492 1101 3540 illa
1126 3492 1218 3541 cohors
1244 3491 1356 3554 septima
1383 3491 1485 3541 decima
1508 3492 1590 3541 intel-

974 3576 1085 3639 legenda
1110 3574 1233 3637 videtur).
1259 3576 1295 3624 Ex
1319 3576 1403 3639 priore
1428 3576 1483 3625 loco
1508 3577 1591 3626 simul

974 3666 1082 3724 apparet
1103 3662 1239 3710 eohortem
1263 3662 1337 3710 illam
1356 3676 1408 3710 non
1427 3677 1458 3709 ex
1477 3661 1590 3724 vigilum

974 3761 1086 3795 numero
1108 3746 1205 3809 fuisse,
1230 3747 1274 3796 sed
1300 3751 1348 3795 aut
1371 3745 1468 3794 civium
1492 3745 1591 3794 Roma-

974 3845 1070 3879 norum
1087 3831 1227 3893 septimam
1247 3831 1376 3880 decimam
1386 3834 1526 3892 praeterea
1536 3845 1591 3879 non

974 3919 1161 3977 memoratam,
1188 3920 1236 3964 ant
1259 3914 1329 3978 quod
1355 3914 1440 3963 multo
1458 3913 1592 3963 verisimi-

974 3999 1025 4048 lius
1056 4003 1111 4060 est,
1143 4013 1175 4046 ex
1210 3999 1371 4048 urbanarum
1403 4013 1514 4048 numero
1546 3999 1592 4060 (cf.

973 4082 1121 4132 Mommsen
1149 4082 1259 4132 Hermes
1283 4083 1341 4133 XVI
1369 4100 1392 4146 p.
1418 4081 1487 4144 645).
1514 4082 1592 4140 Quod

973 4173 1076 4217 certum
1094 4172 1177 4230 esset,
1196 4168 1218 4217 si
1235 4182 1267 4216 ex
1276 4169 1355 4217 titulo
1367 4182 1446 4230 prope
1456 4167 1591 4217 Misenum

974 4257 1076 4314 reperto
1095 4251 1121 4301 G.
1141 4253 1159 4300 l.
1178 4252 1205 4301 L.
1225 4253 1247 4301 X
1264 4252 1331 4301 1765
1344 4268 1374 4294 =
1391 4253 1462 4301 Dess.
1473 4251 1591 4303 natas:

973 4338 998 4385 ol.
1012 4351 1048 4384 ns.
1068 4335 1095 4394 Q.
1113 4335 1180 4386 Juui
1200 4337 1227 4394 Q.
1246 4337 1284 4399 fit.
1302 4336 1399 4386 Iulliui
1416 4337 1516 4385 militis
1532 4339 1591 4387 coli.

973 4419 1024 4468 XV
1044 4420 1104 4468 urb.
1122 4421 1192 4469 visit
1209 4423 1290 4470 anais
1307 4420 1441 4470 XXXIIII
1456 4422 1592 4472 militavit
1626 4461 1629 4466 .

973 4507 1054 4554 annis
1075 4505 1142 4553 XVI
1158 4505 1187 4554 L.
1204 4505 1309 4556 Iustius
1332 4506 1493 4556 Valerianus
1512 4506 1591 4557 heres

971 4587 1153 4652 p(onenoluns)
1170 4586 1299 4654 c(uraoit)
1310 4597 1382 4640 certo
1391 4590 1480 4654 colligi
1488 4597 1591 4655 posset,

973 4676 999 4724 id
1032 4677 1102 4739 quod
1129 4677 1293 4726 Mommseno
1319 4679 1335 4725 l.
1362 4692 1383 4726 c.
1409 4676 1589 4740 colligendum

974 4774 1031 4809 esse
1048 4761 1167 4824 videtur,
1192 4761 1308 4810 Puteolis
1324 4762 1459 4810 cohortem
1477 4761 1524 4809 XV
1544 4776 1589 4809 nr-

973 4844 1070 4893 banam
1090 4845 1235 4894 stationem
1253 4844 1387 4894 habuisse.
