3322 5512
920 311 957 368 56

201 551 207 566 .
299 503 443 567 senatus
484 493 689 567 auctoritate
727 493 885 568 restituit.
936 496 987 571 Ut
1025 495 1088 568 sibi
1129 495 1163 568 in
1198 495 1328 568 curiam
1364 500 1578 592 praetectum

297 618 461 715 praetorii
497 618 725 714 tribunosque
762 618 911 693 militum
945 643 1064 693 secum
1098 619 1263 694 inducere
1296 620 1433 713 liceret,
1471 628 1579 716 utque

298 751 375 817 rata
412 755 530 817 essent
566 766 658 838 quae
695 754 937 838 procuratores
976 744 1029 818 sui
1068 745 1103 817 in
1141 743 1327 818 iudicando
1367 753 1580 837 statuerent,

337 924 398 982 Dio
421 927 476 997 60,
498 926 629 996 t,1=
653 924 724 982 Zon.
747 924 797 982 XI
817 927 885 1000 Sp.
908 927 975 984 461.
1016 925 1069 989 nui
1093 925 1161 995 σοὺς
1185 924 1372 996 ἐκπεσόντας
1395 925 1504 996 ἀδίκως
1524 927 1578 989 ὑπ’

297 1033 389 1096 αὐτοῦ
414 1031 563 1118 (Γαΐου),
596 1030 663 1100 σούς
687 1054 722 1093 τε
745 1028 859 1103 ἄλλους
882 1031 934 1094 καὶ
958 1029 1016 1102 riis
1039 1030 1205 1114 ἀδελφάς,
1230 1033 1282 1106 σίν
1307 1056 1341 1096 σε
1365 1035 1578 1112 Ἀγριππῖνον

295 1137 347 1201 καὶ
370 1140 424 1211 σὴν
449 1136 597 1211 Ἰουλίαν,
621 1137 815 1212 καταγαγὼν
840 1136 898 1208 riis
919 1137 1021 1209 οὐσίας
1045 1137 1148 1220 σφίσιν
1172 1138 1322 1203 ἀπέδωκε.

340 1245 401 1304 Τυο.
423 1246 503 1304 Ακκ.
525 1245 590 1303 XII
610 1247 658 1304 60.
700 1244 813 1304 llodem
840 1263 917 1305 anno
944 1245 1064 1323 saepius
1092 1246 1194 1305 audita
1214 1265 1273 1305 vox
1293 1246 1454 1324 principis,
1476 1264 1578 1323 parem

297 1352 357 1410 rim
385 1369 484 1411 rerum
508 1352 679 1420 ,habendam
703 1371 720 1410 a
740 1352 981 1428 procuratoribus
1003 1353 1066 1413 suis
1087 1352 1300 1427 iudicatamrm,
1328 1372 1363 1413 ac
1386 1353 1412 1412 si
1426 1352 1498 1430 'ipse
1520 1358 1579 1411 sta·

297 1457 420 1535 tuisset3
448 1477 483 1519 ac
502 1477 540 1518 ne
561 1458 683 1518 fortuito
703 1458 861 1536 prolapsus
883 1459 1050 1534 videretur,
1071 1465 1193 1520 senatus
1214 1479 1333 1538 quoqne
1353 1460 1489 1519 consulto
1510 1477 1579 1518 cau·

297 1571 361 1625 tum
381 1565 501 1642 plenius
522 1584 611 1643 quam
631 1572 718 1626 autea
739 1571 769 1625 et
790 1565 919 1626 uberius.
941 1565 1018 1625 Nam
1041 1566 1128 1625 divus
1142 1567 1299 1642 Augustus
1313 1567 1393 1644 apud
1408 1572 1578 1644 equestres,

297 1671 349 1751 qui
379 1674 518 1751 Aegypto
547 1672 769 1748 praesiderent,
800 1673 867 1748 lege
898 1672 946 1749 agi
978 1673 1159 1751 decretaque
1191 1692 1294 1734 eorum
1324 1673 1449 1751 perinde
1476 1673 1579 1732 haberi

296 1778 439 1854 iusserat,
467 1798 503 1839 ac
530 1779 556 1838 si
584 1779 776 1856 magistratus
803 1780 908 1857 populi
929 1780 1054 1840 Romani
1074 1780 1317 1855 constituissent3
1340 1799 1410 1840 mox
1430 1780 1504 1840 alias
1524 1798 1580 1856 per

296 1886 464 1964 provincias
491 1892 522 1946 et
547 1886 579 1945 in
606 1888 680 1946 urbe
707 1887 850 1965 pleraque
877 1904 1017 1947 concessa
1045 1892 1130 1961 sunt,
1159 1905 1235 1967 quae
1263 1889 1334 1947 olim
1355 1906 1372 1946 a
1392 1886 1579 1965 praetoribus

297 1993 508 2052 noscebantur:
532 1993 676 2053 Claudius
696 2012 782 2053 omne
803 1993 851 2052 ius
871 1993 1007 2068 tradidit,
1028 2027 1076 2052 —.

330 2192 385 2242 Sub
430 2190 540 2240 claudio
585 2192 715 2240 rationem
764 2192 906 2255 dyst-chiae

296 2276 330 2326 ab
364 2276 485 2339 Augusto
517 2275 671 2324 institutam
701 2289 789 2324 severe
817 2276 907 2325 obser-

296 2365 385 2411 vatam
417 2375 474 2410 esse
500 2374 531 2409 ex
557 2361 607 2410 hac
632 2375 739 2424 quoque
765 2375 793 2409 re
819 2365 908 2425 patet,

296 2448 437 2510 ipsumque
458 2451 582 2495 senatum
606 2447 654 2495 hoc
677 2447 828 2495 contessum
852 2461 909 2495 esse

298 2532 392 2581 docent
418 2531 522 2581 nummi
548 2531 606 2581 eius
631 2527 742 2593 (Eckhel
766 2531 787 2580 D
819 2530 851 2581 N.
875 2531 909 2580 Vl

297 2615 346 2666 239
369 2633 399 2660 =
424 2615 514 2665 Gohen
540 2614 632 2664 Claud.
659 2630 684 2664 n.
711 2613 754 2677 79)
777 2616 909 2678 inscripti:

296 2703 421 2752 Libertas
438 2700 573 2764 Aupustu.

330 2787 457 2836 restituit.
484 2787 516 2836 cf.
544 2785 631 2836 Schol.
658 2785 689 2834 ad
716 2785 774 2833 Iun.
800 2785 822 2832 V
847 2784 910 2834 109:

297 2872 362 2922 Piso
382 2872 560 2935 Calpurnius,
578 2897 610 2904 -
628 2870 785 2920 insinuatus
804 2869 830 2918 C.
845 2869 910 2919 Cae-

296 2959 353 3006 sari
371 2963 482 3019 repente
498 2957 584 3006 etiam
600 2955 735 3017 releuatus
753 2961 792 3004 est
805 2969 911 3004 -nioor

296 3043 344 3091 sub
363 3042 476 3091 Claudio
494 3043 643 3091 restitutus.
660 3065 693 3073 —

331 3127 430 3176 Kaibel.
455 3127 535 3175 Inscr.
560 3124 603 3174 Gr.
628 3124 698 3174 Sicil.
722 3124 780 3174 ltal.
804 3139 829 3173 n.
848 3122 909 3172 728:

296 3207 430 3260 Κλαύδιον
455 3208 576 3273 Καίσαρα
594 3204 730 3273 Σεβαστὸν
748 3204 821 3262 δεοῖς
839 3224 909 3272 φρη-

296 3292 376 3358 ιρίοις
393 3291 606 3350 ΝασὺιοςἌττος
618 3290 846 3348 ἀποκατασιαδεὶς
858 3289 909 3342 ὑπὸ

296 3375 378 3428 αὐτοῦ
396 3375 434 3434 εἷς
453 3375 499 3444 τὴν
515 3376 636 3443 πατρίδα.

327 3463 666 3526 praefectum-inducere.
717 3463 764 3512 Dio
806 3463 910 3512 duobus

296 3549 359 3598 locis
376 3553 504 3612 testatur,
522 3549 572 3598 hoc
589 3549 638 3598 sub
650 3547 760 3597 Claudio
772 3547 910 3611 praefectis

296 3634 417 3697 licuisse,
435 3634 467 3682 cf.
485 3632 532 3696 61),
550 3631 595 3697 lc,
613 3631 629 3681 3
647 3631 681 3694 (a.
692 3630 808 3696 rossem:
826 3627 854 3680 ἓν
872 3636 908 3694 τῷ

296 3713 426 3782 συνεδρίῳ
444 3721 490 3766 τοῦ
509 3734 535 3766 τε
552 3714 687 3767 Κλαυδίου
704 3715 751 3768 καὶ
764 3722 817 3768 τῶν
828 3715 908 3782 ε’πάρ-

294 3820 354 3868 χων
367 3800 560 3867 -καρόνιων,
578 3802 626 3866 61),
644 3802 690 3869 23,
707 3804 724 3853 2
741 3802 769 3865 (a
793 3802 908 3867 799116);

293 3886 429 3952 Ῥουφρίῳ
461 3883 491 3937 δὲ
516 3883 550 3952 δὴ
576 3884 710 3938 Πολλίωνι
736 3893 773 3952 τῷ
799 3885 908 3953 ἐπάρχῳ

296 3970 386 4021 εἰκόνα
399 3969 445 4021 καὶ
457 3969 537 4036 ἕδραν
549 3969 577 4021 ἕν
590 3977 627 4036 τῷ
638 3971 804 4038 βουλευτικῷ
817 3969 908 4028 ὁσάκις

296 4054 328 4106 ἂν
345 4054 372 4112 ἐς
390 4054 418 4105 τὸ
437 4054 573 4120 συνέδριον
587 4054 660 4121 αὐτῷ
674 4055 779 4121 συνεοίῃ
793 4055 907 4121 (ἔνειμε).

329 4143 457 4193 Militibus
489 4143 589 4192 curiam
618 4142 720 4206 ingredi
746 4157 799 4191 non
826 4143 909 4191 licuit.

296 4227 415 4277 Tiberius
438 4228 539 4290 primns
563 4242 578 4276 a
595 4231 691 4277 senatu
709 4227 820 4289 petierat
837 4224 907 4287 (Tac.

290 4314 363 4362 'Anu
387 4312 421 4361 Vl
443 4311 487 4373 15)
513 4318 543 4361 ut
563 4311 654 4360 Macro
679 4311 832 4373 praefectus
858 4313 907 4359 tri-

296 4398 484 4460 bunorumque
493 4404 518 4446 et
527 4399 718 4447 centurionum
725 4399 808 4460 pauci
818 4412 908 4446 seeuni

296 4483 450 4543 introirent,
460 4483 584 4544 quotiens
592 4484 700 4531 curium
709 4482 907 4544 inprecleretur,

295 4567 365 4628 qnod
378 4571 487 4616 senatus
499 4567 619 4616 consulto
630 4567 699 4615 facto
709 4567 732 4615 ei
748 4566 905 4628 permissum

296 4655 343 4699 est.
377 4649 458 4699 Gaius
492 4667 598 4714 quoque
633 4652 731 4700 milites
761 4666 852 4701 secum
877 4652 903 4700 in

295 4735 396 4783 curiam
421 4735 575 4797 induxerat,
602 4750 766 4798 quamquam
791 4736 840 4783 troc
863 4735 906 4783 ius

296 4821 319 4868 el
343 4825 452 4868 senatus
473 4821 593 4868 consulto
617 4820 709 4876 datum
732 4819 826 4882 fuisse,
851 4834 902 4877 non

962 2193 1084 2255 traditur,
1102 2194 1134 2241 cf.
1153 2191 1266 2242 Momms
1292 2192 1353 2243 StR.
1372 2193 1408 2241 lll
1421 2191 1578 2255 omnesq.

993 2283 1184 2340 procuratores
1214 2279 1264 2327 sui.
1299 2279 1351 2327 tria
1377 2291 1474 2341 genera
1501 2282 1579 2326 erant

963 2366 1177 2426 procuratorum:
1198 2357 1228 2409 1ο
1245 2376 1351 2424 eorum,
1375 2361 1421 2424 qui
1439 2360 1579 2423 provinciis

963 2451 1117 2510 praeerant3
1143 2441 1172 2493 2⁰
1197 2460 1303 2507 eorum,
1330 2447 1421 2509 quiin
1440 2446 1579 2509 provinciis

963 2531 1082 2581 Caesaris
1098 2535 1183 2580 totam
1196 2530 1453 2579 administrationem
1468 2531 1578 2594 pecnni-

964 2618 1047 2666 ariam
1069 2616 1241 2678 exercebant,
1264 2615 1291 2664 in
1309 2621 1419 2664 senatus
1440 2616 1578 2677 provinciis

964 2703 1065 2751 reditus
1082 2700 1280 2762 custodiebant;
1298 2695 1327 2748 3⁰
1345 2714 1451 2759 eorum,
1469 2700 1516 2763 qui
1532 2715 1579 2763 per

963 2791 1051 2835 totum
1073 2785 1214 2848 imperium
1235 2799 1290 2834 rern
1307 2785 1437 2848 privatam
1456 2785 1580 2848 principis

963 2871 980 2921 i.
997 2885 1020 2919 e.
1039 2870 1132 2919 fiscum
1157 2869 1387 2918 administrabant.
1412 2869 1463 2918 Hos
1487 2884 1580 2919 omnes

964 2955 1090 3005 Claudius
1131 2961 1313 3018 procuratores
1349 2968 1410 3003 snos
1444 2955 1578 3016 appellare

964 3045 1074 3104 poterat.
1102 3042 1139 3090 lle
1162 3040 1301 3104 postremis
1324 3043 1432 3087 tanturn
1456 3038 1579 3088 hocloco

963 3127 1065 3190 agitur,
1084 3140 1146 3175 narn
1164 3130 1195 3174 ut
1212 3139 1243 3173 ex
1261 3124 1350 3173 Tacito
1367 3122 1447 3183 (Anu.
1467 3122 1516 3171 1111
1533 3121 1578 3184 61))

963 3208 1112 3272 colligimus
1130 3209 1183 3257 iam
1193 3212 1272 3257 antea
1281 3213 1309 3256 et
1318 3207 1426 3270 quidem
1437 3209 1576 3269 postremis

963 3293 1125 3356 temporibus
1147 3292 1243 3341 Tiberii
1267 3291 1310 3352 (cf.
1334 3291 1393 3341 Tac.
1412 3292 1480 3341 Ann.
1498 3292 1532 3340 111
1553 3292 1575 3342 7.

963 3377 1003 3427 15.
1030 3378 1076 3427 Dio
1104 3377 1149 3440 57,
1176 3375 1223 3439 23,
1250 3377 1273 3425 5.
1307 3377 1427 3426 Momms.
1454 3375 1514 3426 StR.
1542 3375 1579 3425 11³

962 3462 1036 3512 lO‘IQ.
1055 3463 1076 3511 A
1093 3462 1107 3511 1
1123 3478 1154 3505 -·
1165 3460 1200 3510 11²
1217 3460 1279 3523 ost)
1302 3462 1328 3510 id
1346 3462 1389 3511 ius
1406 3462 1500 3511 ceteris
1518 3477 1577 3524 pro-

963 3549 1128 3597 curatoribus
1146 3548 1238 3596 datum
1257 3552 1321 3596 erat.

997 3633 1082 3681 Antea
1113 3632 1196 3695 igitur
1228 3631 1283 3680 sisci
1315 3632 1520 3696 postulationes,
1548 3637 1579 3681 ut

963 3717 1139 3779 privatorum,
1163 3715 1232 3778 apud
1256 3715 1355 3764 indices
1377 3715 1578 3781 indicabantur,

962 3803 1015 3851 iam
1048 3800 1262 3864 procuratoribus
1288 3799 1343 3849 fisci
1369 3800 1401 3849 de
1427 3800 1460 3849 iis
1485 3801 1578 3863 rebus,

963 3901 1029 3949 quas
1051 3885 1150 3948 singuli
1168 3884 1403 3948 administrabant,
1430 3885 1576 3936 iurisdictio

963 3972 1024 4020 data
1041 3976 1082 4020 est
1107 3969 1151 4031 (cf.
1170 3969 1326 4018 Hirschfeld.
1345 3968 1373 4017 V.
1392 3967 1421 4018 G.
1441 3985 1464 4032 p.
1483 3969 1507 4019 5.
1519 3968 1579 4019 287.

962 4057 1063 4118 Herzog
1082 4055 1104 4103 11
1125 4070 1146 4117 p.
1166 4051 1234 4114 773).

998 4138 1032 4203 [p.
1050 4138 1093 4200 57]
1118 4140 1244 4202 precario
1267 4139 1362 4200 erepit.
1386 4139 1434 4187 hoc
1468 4143 1578 4189 senatus

961 4224 1113 4273 consultum
1137 4225 1238 4272 factum
1263 4227 1303 4271 est
1320 4238 1343 4271 a.
1362 4220 1468 4285 806153,
1495 4228 1527 4272 ut
1545 4238 1574 4273 ex

962 4308 1051 4358 Tacito
1068 4306 1097 4369 (l.
1116 4306 1144 4369 1.)
1163 4313 1243 4372 patet.

997 4391 1030 4455 [p.
1043 4391 1086 4454 57]
1097 4391 1143 4441 Ius
1160 4394 1350 4442 nundinarum
1363 4394 1388 4443 id
1402 4399 1442 4442 est
1454 4395 1496 4443 ins
1506 4410 1576 4444 mer-

961 4483 1050 4526 catum
1061 4477 1183 4541 habendi,
1193 4479 1239 4540 qni
1248 4479 1326 4527 certis
1334 4478 1481 4528 intervallis
1491 4479 1575 4529 inter-

960 4562 1577 4625 iectisiterantnr.Taleprivilegiumetinltalia

961 4653 988 4696 et
1011 4649 1036 4696 in
1061 4648 1200 4710 provinciis
1223 4663 1238 4696 a
1256 4653 1350 4696 senatu
1369 4649 1522 4712 petebatur,
1541 4651 1573 4699 cf.

960 4734 1026 4782 Plin.
1044 4733 1088 4796 Ep.
1107 4732 1128 4781 V
1145 4732 1169 4796 t,
1186 4733 1213 4782 l:
1232 4737 1275 4782 nir
1287 4735 1440 4796 praetorius
1451 4740 1575 4783 usenatu

959 4819 1053 4888 petiit,
1080 4825 1108 4866 ut
1133 4819 1184 4867 sibi
1210 4820 1352 4867 instituere
1376 4820 1405 4867 in
1424 4820 1501 4880 apris
1518 4798 1596 4869 οιιίιΙ
