3322 5512
920 334 978 400 190

186 523 214 593 '.
307 520 431 595 darum
468 521 669 618 religionem
708 521 803 619 apud
837 523 962 597 Gallos
995 524 1092 598 dirae
1117 524 1360 618 immanitatis,
1394 534 1428 600 ct
1452 533 1587 600 tantum

305 644 439 720 civibus
485 647 550 720 sub
587 645 751 743 Augusto
789 647 1025 743 interdictam,
1073 650 1212 746 penitus
1249 650 1420 746 abolevit,
1466 658 1590 724 contra

305 793 406 845 sacra
441 770 625 845 Eleusinia
662 773 766 846 ctiam
803 777 991 847 transferre
1026 796 1070 848 ex
1105 773 1225 849 Attica
1258 776 1405 849 Romam
1442 783 1589 849 mustus

305 903 375 989 est,
407 896 645 992 templumque
669 895 705 969 in
731 896 851 971 Sicilia
876 897 1025 972 Veneris
1050 898 1227 996 Erycinae
1254 908 1431 974 vetustate
1456 900 1588 996 collap

349 1073 446 1134 Victor
459 1075 540 1135 Caes.
551 1075 638 1136 11⁷2.
679 1076 815 1154 Denique
832 1076 917 1136 bonis
926 1076 1097 1137 auctoribus
1108 1096 1279 1157 compresse
1292 1097 1346 1156 per
1359 1097 1429 1139 eum
1443 1077 1530 1153 vitia,
1551 1097 1587 1138 ac

301 1199 356 1257 per
363 1179 491 1240 Gadium
498 1181 678 1241 Druidarum
686 1182 740 1260 (ito
749 1181 931 1256 Scliott.,cod.
945 1181 970 1242 0
982 1182 1197 1260 Drysadarum)
1208 1185 1338 1244 famosae
1349 1184 1588 1262 superstitiones,

301 1371 364 1421 ileos
387 1372 431 1433 fas
455 1371 596 1421 habebant.
622 1371 688 1420 Plin.
707 1371 736 1420 H.
755 1370 787 1420 N.
804 1369 851 1434 30,
868 1368 914 1419 13:

302 1471 350 1506 acc
366 1458 434 1506 satis
448 1457 591 1506 aestirrcari
601 1457 699 1519 possit,
715 1462 852 1519 quautam
860 1455 914 1504 Ro-

224 1583 230 1595 .
301 1543 393 1591 alanis
404 1542 545 1604 debeatur,
555 1543 604 1604 qui
612 1541 744 1590 sustulere
751 1546 874 1590 monstra
885 1542 915 1590 irc

302 1625 915 1689 quibusboorinerrioccidercrelipiosissimara

302 1717 368 1774 erat,
391 1711 488 1760 amarti
510 1725 571 1760 cero
591 1711 675 1761 etiam
692 1709 914 1759 saluberrimum.

302 1795 374 1844 Diod.
392 1795 414 1844 V
430 1792 471 1846 31.
489 1793 662 1857 StrabolVd,
677 1794 700 1844 5.
717 1792 913 1858 Metalll3,18.

336 1885 444 1931 tautum
474 1880 574 1929 ciuibus
605 1880 654 1929 sab
679 1879 801 1942 Aripusto
828 1882 914 1930 iater-

301 1966 412 2016 dictum.
429 1965 583 2014 instituerat
595 1963 734 2028 Angustus
747 1970 775 2013 ut
788 1965 915 2027 primores

301 2054 407 2099 tantum
434 2049 503 2099 cives
528 2049 557 2098 R.
582 2048 638 2099 fieri
663 2053 780 2112 possent,
806 2050 828 2098 si
852 2051 915 2099 deos

302 2135 434 2184 Romanos
451 2136 576 2183 colerent.

332 2221 445 2282 penitus
462 2219 584 2269 abolevit.
600 2219 669 2282 quod
685 2219 829 2282 depublico
838 2222 912 2270 cultu

301 2307 408 2352 tantum
443 2316 543 2351 verum.
584 2303 699 2352 Druidae
733 2304 804 2353 enirn
832 2304 913 2353 etiam

302 2391 392 2450 postea
414 2392 584 2449 manserunt,
607 2387 640 2437 ct.
657 2387 716 2437 Tac.
735 2389 800 2438 Hist.
818 2388 851 2438 lV
869 2388 913 2452 54,

301 2476 328 2521 et
345 2472 378 2521 de
395 2471 582 2534 posterioribus
590 2473 754 2535 temporibus
763 2472 814 2522 Vit.
824 2473 912 2523 Aurel.

301 2555 341 2606 44.
368 2555 419 2606 Vit.
442 2556 522 2605 Num.
549 2554 589 2605 13.
618 2555 771 2607 Secundum
796 2558 913 2607 Plinium

302 2640 331 2690 H.
356 2640 387 2690 N.
411 2638 457 2703 30,
480 2638 526 2689 43:
553 2640 711 2704 Galliasque
733 2645 828 2706 atique
848 2659 912 2707 pos·

300 2726 371 2775 sedit
393 2723 532 2789 (magice),
555 2732 581 2774 et
603 2727 715 2789 quictem
737 2728 773 2776 ad
789 2734 913 2790 nostram

300 2811 476 2867 piepwrium,
507 2824 627 2872 uanique
660 2810 760 2860 Tiberii
789 2811 912 2863 Caesaris

299 2895 472 2958 principatus
497 2895 607 2943 sustulit
628 2894 748 2944 Druidas
770 2910 865 2946 eorum
887 2903 913 2946 et

302 2979 349 3028 boc
362 2993 448 3041 penus
461 2984 555 3028 vatum
562 2979 784 3042 creditorumque
790 2995 842 3043 per
849 2979 875 3030 S.
885 2980 912 3030 C.

300 3062 427 3112 Claudius
446 3067 553 3112 tantum
571 3063 708 3113 renovavit
723 3056 832 3115 senatus
849 3081 912 3115 con-

300 3149 402 3197 sultum
419 3147 523 3197 Tiberio
541 3148 656 3211 principe
673 3146 714 3209 (ut
733 3149 838 3198 videtur
855 3154 913 3212 post

300 3232 471 3282 rebellionem
514 3231 641 3283 Sacroviri
679 3247 702 3282 a.
739 3231 830 3297 777194
869 3232 912 3296 (cf.

300 3316 448 3367 Mommsen
475 3318 496 3366 H
529 3318 558 3366 R.
582 3316 661 3367 V9d.
687 3317 812 3382 Schiller,
838 3320 913 3369 Burs.

300 3402 418 3452 lahresb.
440 3400 507 3451 1880
530 3418 553 3466 p.
578 3401 634 3452 501.
659 3402 688 3452 H.
707 3402 726 3452 1.
745 3402 774 3451 R.
793 3403 804 3451 l
823 3419 846 3466 p.
863 3403 913 3453 990

300 3487 321 3535 Α
339 3485 368 3550 9,
386 3486 435 3536 457
453 3487 474 3535 Α
491 3486 519 3547 9)
531 3487 640 3536 factum.
659 3486 829 3551 Quamquam
841 3489 913 3538 enim

300 3575 328 3620 et
344 3570 481 3620 silentium
500 3570 577 3619 Plinii
588 3571 621 3619 de
633 3569 743 3621 Claudio
755 3577 782 3621 et
794 3572 914 3623 Suetonii

300 3657 332 3704 de
344 3656 447 3705 Tiberio
459 3656 557 3705 mirum
569 3660 622 3717 est,
635 3656 672 3705 sic
684 3656 818 3706 dissensus
830 3658 912 3720 expli·

299 3739 399 3788 candus
415 3753 472 3788 esse
485 3738 602 3802 videtur,
619 3754 705 3803 neque
716 3741 784 3804 apud
796 3742 911 3791 Plinium

299 3822 440 3886 legendum
451 3827 491 3872 est
503 3822 605 3872 Tiberii
617 3831 637 3872 <
642 3824 761 3876 Claudi>
775 3825 912 3888 Caesaris,

298 3909 336 3957 ita
353 3908 425 3957 enim
443 3905 569 3956 claudius
579 3922 594 3956 a
603 3908 687 3959 Plinio
697 3926 748 3959 non
759 3911 913 3960 nominatur

299 3990 351 4056 (96,
363 3990 391 4042 3;
408 3992 447 4042 Ti.
460 3991 558 4041 Claudi
572 3992 694 4044 Caesaris
703 3995 823 4044 Tiberius
831 3996 912 4044 intel-

301 4079 409 4140 legitur,
427 4075 473 4140 99,
496 4074 512 4124 9
536 4078 613 4127 lectio
637 4079 738 4128 incerta
755 4084 808 4143 est,
831 4079 861 4142 9,
878 4079 911 4129 69

302 4161 406 4210 Tiberio
417 4161 529 4210 Claudio
538 4163 663 4224 principe
669 4163 701 4211 ad
712 4167 803 4212 utrum
813 4168 913 4226 spectet

299 4243 449 4306 incertum).
473 4244 559 4303 Quam
577 4261 667 4295 severe
684 4246 811 4297 Claudius
829 4249 913 4311 egerit

299 4333 391 4378 contra
414 4330 535 4379 homines
552 4332 733 4394 superstitioni
751 4332 909 4381 Druidarum

970 1371 1166 1437 interemptum
1175 1390 1230 1425 ιιοιι
1239 1375 1271 1424 ob
1283 1375 1360 1425 aliud
1369 1375 1462 1423 sciam.
1474 1371 1588 1432 Quando

970 1456 1018 1504 noc
1034 1456 1136 1506 iactum
1154 1458 1189 1508 sit
1200 1459 1346 1521 incertum,
1364 1472 1417 1506 non
1430 1457 1488 1506 sine
1501 1457 1589 1520 specie

968 1540 1110 1590 conieceris
1135 1543 1237 1592 iactum
1263 1557 1324 1592 cum
1351 1541 1479 1593 Claudius
1503 1544 1531 1592 in
1556 1557 1588 1592 eo

968 1630 1038 1674 esset
1051 1631 1081 1675 ut
1093 1627 1286 1688 expeditionem
1300 1627 1480 1678 Britannicam
1492 1627 1587 1691 iniret,

968 1709 1000 1758 cl.
1017 1709 1165 1760 Mommsen
1183 1711 1213 1761 H.
1231 1711 1261 1761 R.
1280 1712 1301 1761 V
1318 1711 1376 1762 158.

1001 1808 1079 1843 sacra
1087 1793 1239 1844 Eleusinia.
1252 1796 1350 1845 Romae
1360 1811 1468 1860 quoque
1480 1801 1587 1861 mystae

967 1878 1091 1941 fuerunt,
1119 1884 1150 1927 nt
1174 1879 1301 1942 probatur
1325 1879 1405 1930 titulo
1429 1880 1495 1943 Eph.
1520 1880 1586 1944 Epir.

968 1961 1001 2011 lV
1026 1961 1089 2012 866:
1112 1962 1267 2014 —Cereris
1293 1978 1399 2027 quoque
1422 1971 1527 2027 mystes
1544 1990 1586 2015 —.

968 2046 1008 2096 An
1017 2045 1158 2110 Claudius,
1172 2052 1202 2096 ut
1210 2048 1348 2112 Augustus
1357 2046 1442 2110 (Suet.
1452 2048 1520 2113 Aug.
1532 2047 1586 2113 93),

967 2131 1022 2194 ipse
1039 2132 1174 2195 mysteriis
1190 2132 1243 2181 iliis
1259 2133 1381 2182 initiatus
1397 2133 1481 2182 fuerit
1496 2134 1585 2184 incer-

967 2221 1039 2279 tum,
1055 2217 1088 2265 cl.
1100 2217 1224 2279 Foucart,
1236 2217 1297 2266 Rev.
1307 2217 1331 2267 d.
1342 2218 1403 2280 phil.
1414 2215 1480 2267 1893
1491 2234 1515 2281 p.
1526 2217 1586 2269 905.

1001 2303 1031 2350 iri
1048 2300 1151 2350 Sicilia.
1170 2303 1235 2351 haec
1251 2317 1304 2351 non
1317 2307 1418 2352 temere
1428 2317 1443 2351 a
1453 2302 1584 2353 Suetonio

967 2385 1057 2434 addita
1081 2391 1158 2448 sunt,
1185 2386 1284 2436 Romae
1307 2388 1378 2436 enim
1404 2387 1455 2436 duo
1475 2403 1586 2452 quoque

966 2471 1067 2534 templa
1076 2470 1185 2520 Veneris
1193 2471 1322 2534 Erycinae
1331 2472 1455 2536 fuerunt,
1466 2475 1585 2522 alterum

967 2556 995 2604 in
1019 2553 1146 2618 Capitolio
1170 2554 1204 2618 (a.
1222 2554 1342 2619 5371917)
1360 2557 1434 2606 iussu
1451 2558 1584 2608 librorum

967 2638 1158 2702 Sibyllinorum
1176 2639 1359 2704 aedificatum,
1381 2656 1506 2704 annoque
1525 2648 1586 2705 post

967 2724 1131 2786 dedicatum,
1149 2725 1182 2774 cf.
1200 2724 1254 2773 Liv.
1269 2725 1343 2774 XXll
1351 2723 1375 2774 9.
1384 2725 1470 2774 XXIII
1480 2723 1513 2774 30
1523 2726 1585 2790 sq),

967 2811 1274 2873 alterumextraportam
1282 2808 1411 2859 Collinam
1419 2807 1585 2873 (55731181)

967 2893 1131 2955 dedicatum,
1150 2893 1183 2943 cf.
1200 2893 1255 2943 Liv.
1272 2893 1317 2942 xi.
1334 2891 1375 2942 34.
1394 2892 1451 2944 Kal.
1469 2895 1501 2944 fr.
1512 2894 1583 2959 Arv,

966 2976 1073 3026 Henzen
1090 2992 1114 3040 p.
1133 2976 1268 3028 CCXXXV
1286 2979 1318 3027 ad
1337 2993 1359 3029 c.
1379 2978 1402 3030 d.
1420 2978 1456 3027 lx
1469 2979 1495 3028 lr.
1508 2979 1584 3031 Mai:

968 3058 1104 3123 [cia(olia)
1128 3062 1148 3124 f.
1171 3061 1283 3125 V]eneri
1299 3060 1471 3125 Erucc[irc(ce)
1489 3060 1585 3124 echlra

964 3145 1098 3208 portani)
1117 3144 1295 3209 Callia(arri)).

999 3231 1138 3294 Templum
1163 3231 1272 3280 Veneris
1296 3231 1424 3294 Erycinae
1445 3232 1472 3280 in
1491 3238 1583 3282 monte

967 3314 1049 3377 Eryce
1072 3313 1161 3376 (hodie
1185 3314 1209 3366 S.
1231 3313 1366 3376 Giuliano)
1385 3329 1463 3378 prope
1480 3315 1583 3371 Drepa-

967 3415 1031 3449 num
1055 3397 1094 3460 (h.
1117 3398 1256 3462 Trapani),
1280 3404 1312 3448 nt
1334 3400 1406 3449 fama
1423 3404 1494 3463 erat,
1517 3415 1582 3449 con-

966 3485 1052 3533 ditum
1084 3484 1117 3532 ab
1142 3485 1245 3547 Aenea,
1279 3485 1346 3534 banc
1372 3483 1404 3533 ob
1430 3498 1539 3534 causam
1567 3500 1583 3534 a

965 3574 1060 3618 senatu
1083 3582 1188 3630 semper
1209 3569 1236 3616 in
1261 3568 1359 3617 honore
1386 3569 1507 3619 Habitum
1526 3576 1582 3635 est,

965 3653 998 3703 cf.
1026 3653 1098 3702 Diod.
1126 3653 1159 3701 [V
1184 3651 1228 3702 83:
1259 3649 1278 3716 ἥ
1303 3669 1329 3700 τε
1355 3649 1501 3718 σύγκλητος
1527 3658 1582 3704 τῶν

962 3734 1104 3800 Ῥωμαίων
1121 3734 1158 3791 εἰς
1175 3731 1220 3791 τὰς
1237 3740 1283 3801 τῆς
1300 3733 1366 3786 θεοῦ
1385 3733 1461 3801 τιμὰς
1479 3735 1581 3802 φιλοτι-

964 3819 1081 3886 μηθεῖσα
1112 3817 1156 3877 τὰς
1181 3817 1230 3886 μὲν
1254 3818 1407 3877 πιστοτάτας
1432 3826 1486 3871 τῶν
1511 3822 1582 3875 κατὰ

965 3903 1012 3971 τὴν
1034 3903 1159 3956 Σικελίαν
1180 3904 1285 3956 πόλεων
1301 3903 1382 3961 οὔσας
1400 3903 1581 3959 ἑπτακαίδεκα

963 3996 1144 4056 χρυσοφορεῖν
1160 3987 1314 4056 ἐδογμάτισε
1332 3996 1363 4055 τῇ
1379 3988 1520 4057 Ἀφροδίτῃ
1533 3990 1582 4044 καὶ

965 4072 1124 4140 στρατιώτας
1150 4073 1303 4130 διακοσίους
1329 4080 1417 4139 τηρεῖν
1443 4072 1472 4125 τὸ
1498 4075 1580 4141 ἱερόν.

965 4161 1019 4210 Ηεο
1035 4165 1125 4210 tamen
1142 4165 1230 4210 aetate
1248 4162 1370 4224 splendor
1382 4162 1475 4224 templi
1488 4163 1581 4213 decre-

965 4246 1014 4309 vit,
1031 4246 1064 4295 cf.
1082 4245 1175 4296 Strabo
1192 4246 1226 4295 Vl
1244 4261 1268 4308 p.
1285 4245 1348 4296 979;
1366 4242 1422 4294 νυνὶ
1440 4242 1469 4296 δὲ
1488 4244 1580 4312 ὥσπερ

964 4326 1030 4395 αὐτὴ
1053 4327 1070 4394 ἡ
1088 4329 1211 4380 κατοικία
1229 4327 1381 4394 λειπανδρεῖ
1394 4327 1423 4379 τὸ
1441 4328 1513 4395 ἱερὸν
1531 4332 1579 4385 καί

299 4414 416 4463 addictos
433 4414 509 4464 docet
526 4415 592 4465 Plin.
612 4416 642 4466 H.
657 4416 689 4466 N.
701 4415 746 4480 99,
764 4416 809 4466 54ι
827 4418 911 4467 Drui·
965 4419 1018 4464 τῶν
1035 4413 1114 4479 ἱερῶν
1132 4412 1264 4478 σωμάτων
1279 4411 1413 4464 ἐκλέλοιπε
1424 4411 1452 4464 τὸ
1465 4413 1580 4481 πλῆθος.

299 4498 341 4547 dis
358 4499 395 4547 ad
411 4500 539 4549 victorias
557 4502 650 4550 litium
667 4517 698 4550 uc
712 4503 911 4564 repumaolitus
964 4501 1085 4551 Tiberius
1104 4501 1157 4550 iam
1176 4517 1198 4551 a.
1217 4499 1308 4564 778195
1326 4503 1456 4563 templum
1474 4507 1580 4552 restan-

298 4584 370 4632 uiire
391 4584 519 4633 ἰαιιααιιιν
535 4583 627 4647 (ovum
644 4586 791 4650 magicum,
808 4587 840 4635 de
858 4601 911 4650 quo
964 4591 1085 4636 naturum
1110 4601 1138 4635 se
1165 4587 1334 4650 promiserat,
1364 4586 1396 4636 ci.
1424 4587 1483 4636 Tac.
1509 4588 1579 4638 Ann.

299 4669 331 4717 cf.
363 4667 424 4717 ibid.
457 4668 490 4717 59
517 4669 568 4733 sq.)
595 4677 686 4720 tantae
710 4672 856 4734 vanitatis,
881 4678 912 4721 ut
964 4671 998 4720 lV
1024 4670 1070 4720 43:
1101 4670 1138 4719 Et
1168 4670 1310 4733 Sepestarci
1341 4671 1436 4720 aedera
1468 4671 1580 4722 Verteris

300 4754 441 4802 lrabeaterri
460 4755 489 4803 iol
506 4756 537 4805 ia
554 4756 600 4805 lite
616 4756 647 4804 ιἰι
664 4757 727 4804 siau
744 4757 864 4818 equitem
877 4756 910 4806 R.
963 4762 1083 4806 montera
1099 4758 1174 4819 apud
1190 4756 1326 4819 Erycum,
1342 4762 1473 4806 cetrrstate
1485 4759 1578 4821 dilap-

298 4851 312 4886 e
342 4837 474 4887 Vocontiis
504 4854 522 4887 a
553 4840 613 4889 diuo
646 4839 761 4890 Claudio
783 4842 912 4904 principe
963 4856 1036 4904 sani,
1058 4843 1211 4891 restaurari
1232 4843 1414 4904 postulavere,
1437 4848 1503 4891 uota
1520 4857 1578 4893 me-
