3322 5512
761 333 798 396 77

143 519 308 597 leviorem
357 523 530 596 maiestati
578 523 758 618 principali
806 522 943 596 titulum
982 521 1209 595 arbitraretur
1246 519 1421 615 velletque

140 645 220 721 iusti
254 647 417 744 triumphi
452 648 578 739 decus,
613 647 706 720 unde
739 647 933 742 acquireret
957 647 1176 720 Britanniam
1201 645 1417 742 potissimum

141 771 1419 868 Mffimwwfflmmmffimfflmmffimmmmmm

182 987 244 1046 Tac.
267 990 337 1064 Agr.
365 989 412 1046 13.
454 987 546 1064 igitur
577 1023 615 1030 —
647 988 735 1046 divus
776 987 872 1046 lulius
903 1021 942 1030 -
977 991 1077 1064 potest
1117 984 1213 1044 videri
1254 985 1421 1044 ostendisse

139 1093 345 1170 (Britanniam)
384 1095 527 1171 posteris,
560 1113 619 1153 non
650 1094 819 1154 tradidisse.
855 1094 925 1153 Mox
956 1094 1035 1153 bella
1066 1091 1166 1153 civilia
1196 1127 1233 1135 -
1265 1110 1300 1151 ac
1333 1093 1422 1168 longa

139 1200 247 1260 oblivio
274 1200 445 1261 Britanniae
473 1201 563 1261 etiam
588 1201 619 1260 in
640 1219 730 1277 pace:
759 1201 917 1260 consilium
940 1200 972 1259 id
993 1200 1081 1258 dimrs
1102 1201 1259 1276 Augustus
1279 1199 1420 1272 vocabat,

87 1288 101 1295 '¹
139 1307 275 1367 Tiberius
306 1314 507 1386 praeceptum.
539 1308 669 1384 agitasse
702 1307 808 1368 Gaium
842 1307 998 1368 Caesarem
1031 1307 1069 1366 de
1099 1306 1237 1365 intranda
1267 1305 1421 1365 Britannia

139 1415 212 1474 satis
238 1420 369 1490 constat,
397 1415 429 1474 ni
456 1416 545 1475 velox
565 1415 685 1492 ingenio
706 1415 809 1474 mobili
829 1415 1044 1491 paenitentiae,
1067 1420 1098 1473 et
1118 1413 1255 1490 ingentes
1275 1413 1421 1472 adversus

139 1520 328 1582 Germaniam
355 1529 479 1582 conatus
499 1524 611 1583 frustra
631 1524 767 1582 fuissent.
789 1522 877 1581 divus
899 1521 1043 1581 Claudius
1063 1527 1167 1580 auctor
1186 1520 1285 1580 iterati
1307 1521 1420 1597 operis,

137 1629 315 1688 transvectis
335 1630 503 1706 legionibus
524 1630 715 1707 auxiliisque.

178 1736 238 1794 Dio
264 1738 415 1810 60,19,1
438 1737 503 1812 (sub
524 1756 551 1796 a.
577 1736 709 1816 796143).
753 1732 854 1807 Αὖλος
878 1737 1031 1808 Πλαύτιος
1054 1736 1221 1813 βουλευτὴς
1242 1734 1419 1811 acuendae-

137 1866 188 1913 τος
217 1844 248 1912 ἐς
279 1843 332 1916 τὴν
364 1842 545 1923 Βρεττανίαν
577 1843 760 1924 ἐστράτευσε
785 1867 791 1881 ·
817 1843 932 1924 Βὲρικος
963 1842 1024 1924 γάρ
1057 1868 1102 1914 τις
1136 1843 1269 1907 ἐκπεσὼν
1302 1844 1335 1906 ἐκ
1367 1849 1421 1916 τῆς

138 1952 224 2022 νήσου
247 1949 331 2014 narei
355 1950 460 2016 arelate
485 1951 585 2016 ἔσεισε
609 1951 659 2016 τοο
685 1952 833 2016 Κλοούδιον
857 1952 984 2028 δύναμιν
1010 1952 1040 2022 ἐς
1064 1951 1159 2024 adrine
1185 1948 1321 2030 τέμψοιι.

184 2057 281 2116 Victor
306 2057 386 2117 Caes,
407 2059 455 2117 IV
475 2061 503 2117 2.
546 2061 651 2130 simul,
673 2059 780 2118 ultima
801 2077 939 2134 occasus,
961 2058 1133 2118 Britanniae
1147 2063 1248 2134 partes
1263 2062 1420 2132 contusae,

140 2182 229 2241 quam
251 2165 333 2224 solus
354 2164 436 2224 adiit.

178 2271 345 2347 Eutropius
373 2270 495 2330 V1113.
537 2272 656 2331 Bellum
677 2272 848 2331 Britanniae
862 2271 978 2345 intulit,
1000 2290 1090 2348 quam
1105 2270 1207 2340 nullus
1221 2251 1419 2329 Romanorum

138 2383 206 2454 post
227 2379 258 2438 O.
281 2378 438 2438 Caesarem
458 2377 605 2454 attigerat.

182 2483 307 2543 &osius
335 2484 394 2543 VII
411 2487 445 2558 6,
466 2487 509 2543 19.
551 2485 687 2560 capiam
711 2485 898 2545 Suetonium.

138 2733 208 2766 σατο.
236 2717 282 2782 60,
308 2717 338 2783 8,
364 2719 380 2768 6
406 2719 509 2781 (eodem
536 2720 629 2782 anuo):
656 2716 751 2768 ἐκεῖνοι

138 2800 174 2864 (ot‘
194 2799 371 2867 ἐξελεύθεροι)
395 2800 424 2853 δὲ
447 2801 493 2853 καὶ
517 2800 561 2859 τὰς
580 2800 654 2866 τιμὰς
672 2801 752 2854 αὐτὸν

137 2882 180 2942 τὰς
196 2884 341 2942 ἐπινικίους
359 2884 401 2936 ἐπὶ
419 2893 472 2943 τοῖς
489 2885 517 2937 ἐν
534 2895 565 2954 τῇ
583 2888 752 2954 Μαυριτανίᾳ

137 2970 278 3037 πραχθεῖσι
302 2968 429 3031 δέξασθαι
453 2971 571 3035 ἔπεισαν,
598 2971 647 3038 οὐχ
672 2973 710 3023 ὅτι
728 2993 751 3023 τι

136 3056 360 3123 κατορθώσαντα,
378 3055 431 3109 ἀλλ’
452 3055 510 3108 οὐδ’
527 3056 554 3108 ἓν
572 3064 603 3124 τῇ
621 3056 691 3125 ἀρχῇ
708 3077 752 3108 σιω

136 3139 196 3192 ὄντα
222 3141 266 3192 ὅτε
292 3140 488 3208 demulcenda,
519 3161 633 3209 quorum
659 3152 751 3195 tamen

135 3229 261 3278 extremis
274 3229 428 3292 obloquitur
441 3231 507 3279 Plin.
521 3230 551 3280 H.
565 3231 596 3279 N.
611 3231 639 3294 5,
658 3231 687 3292 2,
705 3230 751 3280 ll:

131 3316 260 3375 printurn
273 3313 386 3363 Claudio
395 3316 522 3377 principe
534 3317 564 3363 in
576 3315 752 3365 Mauretania

134 3397 265 3448 bellavere
283 3398 433 3460 (Romani).

166 3481 278 3532 Claudio
301 3483 384 3546 igitur
405 3485 577 3546 triumphalia
595 3490 752 3534 ornamenta

130 3581 147 3616 a
171 3573 268 3618 senatu
293 3569 399 3617 decreta
422 3575 498 3618 erant
521 3569 553 3619 ob
571 3585 612 3619 res
630 3570 656 3618 iu
675 3570 751 3619 Mau-

129 3653 238 3702 retania
276 3657 378 3716 gestas,
419 3653 464 3701 ubi
504 3654 640 3703 Aedemon
685 3655 752 3717 regis

127 3733 279 3787 Ptolemaei
296 3737 408 3786 libertus
426 3739 506 3786 huius
529 3744 642 3787 mortem
662 3739 752 3788 ulcisci

128 3820 248 3871 volebat.

165 3907 240 3956 unde
263 3909 417 3970 acquireret
439 3907 618 3957 Britanniam
641 3910 751 3971 potissi-

123 4003 212 4041 munt
244 3993 331 4054 elepr't.
367 3991 513 4041 Gronovius
549 3993 634 4055 legere
669 3993 753 4041 voluit

123 4077 206 4126 unde
232 4077 304 4125 unde
330 4079 485 4139 acquirere,
517 4078 560 4125 cui
585 4079 752 4127 coniecturae

124 4161 207 4211 favet
224 4158 331 4210 Orosius
349 4159 445 4224 (11116,
462 4160 492 4210 9:
509 4164 654 4212 victoriana
666 4165 751 4213 unda-

123 4259 250 4307 cumqne
261 4243 406 4307 quaesiuit)
420 4247 465 4294 sed
480 4248 552 4296 locus
566 4248 751 4296 emendatione

125 4342 187 4379 non
213 4335 280 4392 eget.
308 4328 434 4378 Ceterum
459 4345 546 4394 neque
570 4337 662 4381 noster
680 4332 752 4380 locus

125 4426 222 4477 neque
239 4413 298 4462 Tac.
317 4413 377 4476 Agr.
390 4413 436 4464 13:
454 4418 672 4479 auctor-operis
687 4418 752 4465 mihi

126 4499 227 4547 docere
236 4498 360 4546 videntur
369 4497 511 4548 Claudium
522 4502 623 4550 nullius
632 4502 750 4564 impulsu

129 4582 203 4632 harre
227 4583 419 4645 expeditionem
442 4583 566 4647 iussisse,
590 4585 635 4633 sed
660 4585 751 4633 verisi-

128 4669 225 4717 milius
257 4683 314 4717 esse
347 4674 410 4732 puto
426 4683 502 4717 eum
529 4683 544 4717 a
570 4669 672 4717 libertis
698 4669 752 4717 suis

128 4751 276 4815 (imprimis
294 4767 308 4801 a
327 4753 462 4815 Narcisso,
485 4754 531 4817 qui
551 4769 628 4803 verus
646 4753 751 4815 expedi-

145 4837 214 4886 ionis
231 4842 323 4886 auctor
340 4837 422 4886 fuisse
440 4838 559 4900 videtur,
582 4839 614 4887 ef.
634 4838 708 4900 Vesp.
727 4836 751 4886 1.

806 2723 853 2770 Dio
871 2721 917 2785 61),
936 2721 982 2786 19,
1000 2722 1024 2771 ⁴2.
1042 2711 1189 2772 Mommsen
1209 2721 1238 2770 H.
1255 2722 1284 2770 B.
1297 2719 1421 2784 1111159)

806 2807 953 2869 impulsum
971 2807 1067 2870 fuisse,
1086 2822 1180 2870 nempe
1198 2822 1242 2856 eos
1260 2807 1421 2855 intellexisse

807 2889 905 2940 Gallias
927 2892 1063 2940 Britannia
1081 2907 1133 2941 non
1152 2893 1253 2941 domita
1271 2906 1419 2955 numquam

808 2983 910 3039 propter
928 2977 1088 3026 Druidarum
1107 2979 1210 3026 cultum
1222 2977 1258 3025 ibi
1271 2981 1420 3026 exstantem

807 3063 911 3125 quietas
929 3063 998 3124 fore,
1016 3062 1048 3109 ef.
1068 3061 1215 3110 Mommsen
1233 3064 1249 3110 l.
1270 3064 1285 3110 l.
1304 3060 1360 3110 158.

839 3153 898 3209 post
915 3148 1010 3195 divana
1028 3146 1138 3194 Iulium.
1158 3145 1295 3208 Augustus
1313 3150 1340 3195 et
1352 3159 1421 3193 anno

807 3229 898 3293 720l3lr
924 3231 1117 3294 expeditionem
1145 3234 1282 3292 paraverat
1309 3230 1364 3292 vel,
1391 3235 1422 3278 ut

806 3316 954 3366 Mommsen
973 3317 1002 3365 B.
1020 3315 1049 3364 G.
1069 3316 1092 3364 d.
1112 3313 1145 3363 A²
1163 3331 1186 3377 p.
1204 3312 1421 3376 aureatensis,

806 3415 897 3462 parare
921 3399 1079 3448 credebatur
1095 3396 1138 3460 (cf.
1158 3399 1204 3447 Dio
1222 3397 1268 3461 19,
1285 3397 1326 3447 38.
1344 3399 1421 3461 Verg.

806 3485 898 3548 Georg.
918 3486 928 3532 l
946 3483 987 3533 30.
1006 3485 1041 3532 lll
1060 3483 1104 3545 95)
1122 3489 1149 3532 et
1166 3498 1189 3533 a.
1208 3481 1299 3545 tertre
1318 3481 1362 3544 (ef.
1374 3483 1420 3531 Dio

806 3568 852 3631 53,
869 3568 910 3618 22.
928 3569 968 3618 25.
988 3569 1075 3618 Horat.
1095 3568 1141 3619 Od.
1161 3569 1171 3616 l
1189 3567 1235 3631 35,
1253 3566 1292 3616 29.
1312 3566 1421 3628 1115‚3.

806 3652 881 3716 121,
905 3652 946 3702 15.
973 3654 1008 3702 lll
1026 3653 1056 3715 le,
1074 3652 1114 3702 33.
1141 3652 1174 3700 lV
1192 3651 1238 3715 11,
1255 3651 1278 3701 8.
1307 3652 1421 3714 Propert.

806 3738 905 3801 11127,
930 3738 952 3786 5.
980 3739 1033 3787 Liv.
1057 3753 1096 3801 ep.
1121 3736 1199 3800 135),
1226 3738 1258 3786 cf.
1277 3737 1369 3786 Strabo
1388 3736 1421 3785 IV

806 3823 862 3886 ap.
881 3822 938 3872 noo.
957 3807 1420 3886 uon.anavaruqleuommsen.

807 3906 888 3956 Gaius
912 3922 1020 3970 quoque
1037 3907 1069 3955 de
1087 3907 1251 3970 expeditione
1271 3907 1421 3956 Britanniae

807 3993 935 4055 (rogitasse
955 3993 1073 4055 ridetur,
1091 3992 1124 4040 cf.
1141 3991 1200 4041 uate.
1219 3989 1329 4055 Agnl3.
1348 3991 1420 4041 Suet.

807 4076 862 4126 Gai.
886 4076 925 4125 ru.
950 4076 989 4125 11.
1012 4076 1053 4126 db.
1080 4077 1127 4125 Dio
1146 4076 1192 4139 59,
1213 4075 1260 4138 Bi,
1278 4075 1300 4124 3.
1327 4075 1420 4139 15,1;

806 4160 898 4223 odst,
916 4160 939 4209 1.
959 4161 995 4210 De
1014 4166 1115 4209 tutare
1134 4162 1165 4210 cf.
1186 4160 1211 4210 6.
1229 4162 1247 4209 l.
1261 4161 1288 4209 L.
1307 4160 1352 4210 Vll
1363 4177 1385 4223 p.
1397 4160 1420 4209 3.

841 4247 1053 4294 tannutuantem
1093 4248 1108 4295 i.
1144 4262 1166 4295 e.
1207 4261 1279 4295 oram
1320 4246 1421 4295 Galliae

807 4336 972 4392 vastantem,
1008 4336 1038 4379 ut
1072 4332 1137 4380 mihi
1173 4336 1244 4379 recte
1273 4330 1421 4380 Mommsen

808 4416 836 4463 H.
856 4415 885 4463 R.
904 4416 925 4463 V
944 4414 993 4463 158
1012 4416 1031 4463 Α
1050 4414 1063 4463 1
1083 4417 1212 4477 accepisse
1231 4416 1342 4463 videtur.

841 4497 875 4562 [p.
895 4497 938 4561 78]
967 4500 999 4548 ob
1026 4514 1081 4548 non
1107 4501 1226 4548 redditos
1254 4500 1420 4562 transfugae.

807 4584 931 4633 discimus
947 4599 1002 4632 reru
1015 4584 1121 4633 aliunde
1131 4585 1261 4648 ignotam,
1282 4585 1422 4634 Britannos

807 4683 821 4715 a
837 4668 951 4730 principe
967 4666 1043 4729 (Gaio
1059 4669 1100 4717 vel
1116 4667 1237 4728 claudio)
1253 4671 1373 4732 petiisse,
1391 4676 1422 4718 ut

806 4753 961 4815 transfugae
985 4753 1034 4802 sibi
1058 4754 1242 4816 traderentur,
1266 4755 1341 4803 illum
1361 4771 1422 4804 vero

807 4838 855 4886 hoc
890 4838 976 4885 facere
1008 4837 1131 4886 uoluisse.
1168 4838 1238 4886 Duos
1270 4839 1409 4901 transfuga
