3322 5512
839 349 894 408 152

12 537 133 613 (136.
232 539 351 631 vivae,
384 537 443 633 qui
476 536 587 634 pridie
620 535 791 634 scyphum
816 557 959 609 aureum
987 534 1198 631 surripuisse
1223 535 1507 630 existimabatur,

225 672 388 738 revocato
424 663 457 736 in
492 662 585 736 diem
619 670 795 758 posterum
823 659 966 733 calicem
993 659 1133 733 fictilem
1159 659 1330 757 apposuit.
1369 661 1508 735 Dicitur

223 790 328 863 etiam
353 787 541 862 meditatus
567 786 735 879 edictum,
760 808 829 880 quo
855 784 993 859 veniam
1012 784 1112 859 daret
1128 785 1250 858 flatum
1267 785 1507 883 strepitumque

223 914 357 988 ventris
381 913 418 986 in
443 912 603 987 convivio
630 910 826 1003 emittendi,
858 933 936 983 oum
962 908 1193 1006 periclitatum
1219 910 1394 1005 quendam
1421 934 1506 1006 prae

224 1039 355 1136 pudore
381 1061 425 1111 ex
450 1036 661 1111 eorrtinentia
686 1035 906 1133 repperisset.
1152 1136 1155 1146 .

272 1163 449 1236 XXXIII.
500 1160 577 1235 Cibi
605 1159 745 1255 vinique
771 1182 990 1256 quocumque
1015 1168 1050 1235 et
1073 1169 1230 1257 ternpore
1255 1170 1290 1235 et
1306 1162 1382 1235 loco
1399 1185 1504 1258 appe-

223 1287 456 1376 tentissimus,
495 1308 710 1381 cognosceus
748 1284 924 1380 quondam
958 1285 993 1358 in
1027 1285 1181 1381 Augusti
1215 1288 1307 1379 foro,
1345 1286 1505 1382 ictusque

224 1413 343 1487 nidore
369 1410 523 1509 prandii,
550 1410 643 1507 quod
667 1411 703 1484 in
729 1410 889 1508 proxima
914 1411 1039 1484 Martis
1064 1411 1152 1485 aede
1178 1411 1285 1486 Saliis
1302 1413 1504 1509 apparaba-

223 1546 298 1632 tur,
332 1537 469 1611 deserto
494 1536 658 1610 tribunali
685 1535 842 1610 ascendit
867 1535 914 1608 ad
940 1536 1140 1611 sacerdotes
1166 1560 1306 1633 unaque
1331 1536 1503 1611 decubuit.

225 1663 298 1736 Nec
324 1670 452 1736 temere
470 1685 634 1756 umquam
652 1659 799 1733 triclinio
815 1661 986 1734 abscessit
1004 1660 1070 1734 nisi
1090 1660 1263 1735 distentus
1280 1685 1322 1736 ac
1338 1661 1503 1755 madens,

267 1815 537 1874 Tac.Hist.148.
578 1814 621 1891 (Τ.
653 1813 773 1888 Vinius)
804 1813 906 1872 servili
938 1813 1085 1890 deinceps
1116 1816 1223 1892 probro
1254 1834 1412 1894 respersus
1443 1823 1503 1891 est,

223 1927 374 2000 tamquam
396 1923 544 1999 scyphum
564 1939 688 1980 aureum
708 1920 739 1979 in
760 1920 896 1980 convivio
918 1920 1037 1980 Claudii
1058 1923 1189 1997 fructus,
1217 1928 1249 1983 et
1270 1923 1416 1983 Claudius
1435 1941 1503 2000 pos·

222 2035 286 2089 tera
308 2030 356 2089 die
378 2029 433 2088 soli
454 2029 587 2089 omnium
607 2028 696 2088 Viuio
717 2029 862 2088 fictilibus
882 2028 1044 2088 ministrari
1064 2029 1162 2089 iussit.

263 2137 342 2195 Plut.
369 2136 450 2196 Galb.
472 2139 519 2196 12.
562 2137 686 2200 δειπνῶν
723 2134 810 2215 παρά
845 2135 987 2215 Κλαυδίῳ
1023 2134 1151 2215 Καίσαρι
1187 2137 1324 2219 ποτήριον
1356 2138 1503 2217 ἀργυροῦν

222 2243 374 2325 ὑφείλετο.
406 2240 530 2307 ἐλθόντι
554 2243 580 2306 δ’
604 2241 759 2306 ἐκέλευσεν
791 2242 890 2322 ἐκείνῳ
925 2243 1018 2319 μηδὲν
1044 2244 1210 2323 ἀργυροῦν,
1242 2243 1331 2307 ἀλλά
1355 2243 1504 2324 κεράμεια

223 2349 328 2416 πάντα
354 2348 532 2431 προσφέρειν
556 2349 608 2413 καὶ
633 2347 843 2428 παρατιθέναι
867 2349 935 2422 τοὺς
957 2349 1119 2430 ὑπηρέτας.

262 2458 322 2516 Dio
345 2460 400 2530 60,
424 2460 458 2531 2,
481 2460 501 2515 5
521 2483 561 2508 =
585 2457 657 2516 Zon.
678 2457 731 2515 XI
749 2460 769 2516 8
784 2477 816 2533 p.
839 2459 910 2517 460.
953 2455 1132 2522 ἐπετίθεντο
1165 2458 1191 2520 δ’
1215 2458 1297 2538 αὐτῷ
1329 2455 1359 2521 έν
1383 2483 1418 2522 τε
1441 2465 1504 2529 τοῖς

223 2563 325 2634 πότοις
356 2564 497 2641 μάλιστα
530 2563 581 2628 καὶ
612 2567 641 2628 ἕν
672 2573 740 2635 ταῖς
772 2564 874 2646 μίξεσι
899 2586 906 2601 ·
932 2562 1014 2628 πάνν
1038 2563 1099 2644 νάρ
1124 2565 1291 2639 ἀπλήστοις
1314 2563 1504 2646 ἀμφοτέροις

223 2671 309 2754 σφίσι
334 2671 513 2752 προσέκειτο.

269 2779 365 2838 Victor
389 2780 468 2839 Caes.
490 2780 540 2839 IV
555 2783 579 2840 1.
622 2781 782 2854 Claudius,
804 2798 984 2858 quamquam
1005 2780 1104 2838 ventri
1124 2780 1211 2839 foede
1232 2779 1381 2839 obediens.

264 2887 386 2962 (Victor)
409 2889 488 2963 Epit.
510 2888 561 2947 IV
578 2891 606 2948 3.
647 2889 706 2947 Hic
726 2888 824 2948 ventri
844 2888 913 2946 vino
934 2886 1051 2945 libidini
1072 2887 1158 2945 foede
1179 2886 1347 2946 oboediens.

222 3084 293 3132 idem
310 3083 381 3132 valet
398 3083 468 3146 quod
486 3084 522 3131 ad
538 3083 634 3145 fulcra.
651 3084 758 3132 Rectius
774 3099 834 3132 cum
921 3081 1039 3144 Aupusti
1065 3082 1132 3144 foro.
1159 3083 1191 3132 ct.
1217 3082 1284 3146 Aug.
1308 3082 1354 3134 69ε
1381 3085 1437 3147 fori
1454 3101 1501 3136 ea·

222 3169 334 3216 hocloco
342 3167 485 3230 Marq.Vit.
495 3166 575 3216 Priv.²
584 3165 664 3230 pem
677 3166 835 3229 Alpraeter
888 3169 1013 3218 struendi
1036 3183 1118 3216 causa
1141 3168 1197 3230 fuit
1219 3169 1363 3219 hominurn
1385 3176 1412 3220 et
1427 3171 1502 3220 iudi-

221 3255 309 3301 locum
324 3251 407 3301 Taciti
422 3253 499 3301 modo
508 3252 621 3301 allatum
631 3257 767 3315 comparat
776 3258 835 3303 acta
888 3255 994 3303 ciorum
1016 3253 1177 3316 multitude,
1203 3268 1273 3316 quae
1289 3254 1431 3304 videbatur
1447 3269 1503 3305 non

221 3338 253 3386 fr.
270 3336 328 3385 Arv.
342 3350 364 3384 a.
374 3334 423 3385 618
433 3351 456 3399 p.
467 3335 528 3386 Chr.
538 3352 578 3400 n.,
597 3337 702 3386 Hennen
713 3353 735 3400 p.
743 3336 833 3388 ocul:
888 3339 1089 3402 sufficientibus
1110 3339 1212 3388 duobus
1229 3339 1314 3388 etiam
1331 3341 1409 3389 tertio
1427 3341 1501 3390 indi-

219 3422 300 3484 pueri
320 3419 495 3483 [praetextati
508 3420 638 3484 patlrimi
655 3429 681 3472 et
695 3424 835 3487 matrimi,

221 3512 378 3556 senatorum
396 3507 447 3568 filii
464 3522 577 3556 numero
594 3507 638 3555 ΙΙΙ
654 3509 683 3557 in
700 3508 835 3557 cathedris

221 3592 398 3641 consederunt
414 3597 440 3640 ct
455 3593 557 3654 epulati
565 3599 636 3641 sient.
654 3593 718 3641 Mihi
728 3607 834 3656 quoque

221 3675 325 3726 claudii
344 3676 419 3725 liberi
437 3677 465 3725 in
483 3677 614 3726 cathedris
631 3674 675 3738 (de
694 3677 834 3741 quibusct.

222 3762 304 3824 Marq.
323 3763 339 3810 l.
357 3762 373 3810 1.
392 3778 416 3825 p.
436 3759 495 3824 766)
514 3762 612 3811 sedisse
631 3761 761 3811 videntur.

253 3847 384 3895 convivae.
406 3846 433 3895 T.
453 3846 561 3895 Vinium
579 3847 680 3895 Rufum
698 3850 834 3896 consulem

220 3946 243 3979 a.
260 3928 353 3994 866169
370 3928 443 3992 (6.1.
462 3931 488 3980 L.
507 3931 541 3980 Vl
559 3930 616 3982 155.
633 3931 706 3982 1986.
722 3931 795 3981 6051.
811 3932 835 3981 X

221 4013 306 4079 6637),
315 4019 513 4078 praepotentem
523 4017 637 4066 amicum
645 4016 743 4066 Galbae
753 4017 835 4066 fuisse

222 4100 314 4149 dicunt
336 4099 394 4148 Tac.
419 4098 485 4148 Hist.
509 4100 520 4148 I
543 4099 589 4163 48,
613 4101 833 4151 Plusculum.

254 4185 353 4248 {lutum
376 4185 563 4247 crepitumque
587 4187 694 4234 uentris.
718 4186 800 4249 flatus
817 4185 833 4234 i.

220 4263 361 4332 eflds'aua
379 4269 502 4331 vissium,
523 4271 641 4333 crepitus
658 4271 760 4320 uentris
777 4271 793 4319 i.
811 4285 834 4319 e.

218 4349 319 4418 πορδὴ,
346 4354 378 4403 cf.
404 4354 545 4403 Baehrens.
572 4355 604 4403 ad
631 4354 727 4404 Catuli.
745 4354 791 4417 51,
809 4354 833 4404 3.

220 4436 348 4487 Claudius
371 4442 463 4487 autem
481 4439 536 4501 ipse
554 4441 603 4489 hoc
621 4441 683 4489 vitio
702 4440 833 4490 laborasse

889 3440 966 3488 pere,·
984 3427 1077 3488 itaque
1092 3424 1247 3486 festinatius
1256 3426 1370 3474 necdum
1379 3426 1503 3488 perfecta

888 3509 986 3558 Martis
1004 3510 1069 3558 aede
1085 3509 1257 3571 publicatum
1275 3515 1322 3572 est,
1337 3517 1502 3574 cautumque
1532 3541 1533 3544 =

888 3599 919 3641 ut
946 3594 1097 3655 separatim
1120 3594 1152 3642 in
1175 3608 1204 3642 eo
1224 3595 1335 3657 publica
1355 3596 1460 3646 iudicia
1477 3604 1501 3646 et
1544 3617 1546 3622 ¹

888 3679 1044 3727 sortitiones
1062 3678 1185 3728 iudicum
1202 3679 1306 3741 fierent.

919 3763 1051 3825 proxima
1074 3762 1174 3811 Martis
1197 3763 1270 3812 aede.
1295 3778 1381 3812 sermo
1404 3769 1446 3814 est
1469 3766 1501 3815 de

888 3849 988 3910 templo
1006 3848 1099 3897 Martis
1116 3847 1228 3911 Ultoris,
1246 3847 1278 3896 de
1295 3862 1348 3911 quo
1365 3849 1501 3899 chadal

888 3948 911 3995 p.
930 3930 971 3980 18.
989 3932 1025 3980 Ex
1045 3932 1094 3981 hoc
1108 3933 1164 3980 loco
1173 3936 1246 3994 patet
1254 3932 1282 3980 in
1290 3933 1337 3981 illa
1346 3933 1410 3982 aede
1419 3933 1501 3983 etiam

888 4017 1052 4066 mansionem
1065 4015 1196 4065 Saliorum
1208 4016 1304 4081 fuisse,
1322 4017 1392 4080 quod
1403 4017 1501 4067 confir-

889 4105 978 4150 matur
995 4101 1074 4150 titulo
1084 4100 1184 4150 urbano
1194 4101 1222 4149 in
1232 4101 1372 4151 ruderibus
1380 4102 1500 4152 eiusdem

887 4185 980 4249 templi
991 4191 1093 4249 reperto
1103 4184 1130 4234 O.
1139 4186 1159 4233 I.
1169 4186 1196 4234 L.
1207 4184 1327 4236 vrttes:
1345 4188 1501 4237 amasiones

887 4270 1027 4320 Saliorum
1052 4271 1244 4320 Palatinarum
1269 4287 1286 4320 a
1311 4272 1444 4322 ueteribus
1469 4274 1501 4322 ob

887 4370 1031 4404 omnorum
1058 4357 1231 4418 maenalium
1258 4357 1409 4406 custodiam
1436 4370 1500 4406 con-

887 4441 996 4489 stitutas
1030 4441 1111 4503 lanea
1141 4442 1227 4492 nimis
1252 4447 1340 4491 aetate
1364 4443 1500 4504 nectemus

218 4521 337 4585 videtur,
356 4523 388 4572 cf.
407 4521 623 4587 Senecahpocol.
634 4525 662 4587 d,
680 4523 708 4573 3:
731 4523 834 4574 Ultima
884 4525 1424 4589 pecuniascmreparaoerantpontifices
1437 4526 1500 4577 Ves-

217 4621 269 4655 oox
286 4608 343 4655 eius
361 4607 427 4657 haec
445 4609 518 4658 inter
533 4610 655 4659 homines
671 4610 767 4658 audita
781 4615 832 4673 est,

218 4707 279 4741 cum
310 4694 446 4743 maiorem
475 4695 596 4743 sonitum
624 4694 758 4743 emisisset
784 4695 831 4744 illa

217 4782 306 4839 parte,
336 4793 391 4840 quea
424 4778 533 4840 facilius
559 4780 725 4843 loquebatur.
759 4779 832 4845 »Vae

219 4876 272 4924 me,
287 4869 361 4925 puto,
379 4864 519 4912 concacavi
535 4863 603 4913 me.''

888 4616 928 4658 tae
941 4608 969 4659 V.
983 4608 1011 4658 V.
1022 4608 1048 4660 C.
1060 4608 1086 4659 C.
1095 4625 1147 4672 pro
1157 4611 1314 4669 munisterio
1322 4611 1407 4660 Plotii
1415 4609 1500 4661 Acilii

889 4695 987 4744 Lucilli
1005 4694 1118 4743 Vitrasii
1131 4694 1302 4745 Praetextati
1318 4694 1346 4745 V.
1364 4695 1392 4745 V.
1408 4695 1434 4745 C.
1451 4696 1478 4746 C.

918 4779 1009 4829 Saliis.
1024 4779 1056 4828 dc
1066 4778 1197 4830 Saliorum
1206 4780 1278 4830 cenis
1287 4777 1341 4842 (hic
1349 4781 1381 4830 de
1391 4781 1499 4845 prandio

885 4861 997 4927 sermo),
1015 4864 1047 4914 cf.
1066 4865 1147 4928 Marq.
1167 4864 1226 4914 StV.
1244 4862 1292 4914 111²
1309 4863 1358 4914 631
1377 4865 1399 4914 Α
1417 4865 1440 4916 7.
