3322 5512
104 516 193 603 ,um
227 520 360 602 ἀσαφῶς
394 511 575 606 loquatur,
609 511 668 606 qui
698 510 808 608 possit
834 536 910 586 cum
937 512 1110 588 declamat
1136 530 1244 607 σαφῶς
1270 516 1385 591 dicere

104 658 212 730 „quae
238 635 387 709 dicenda
412 644 511 728 sunt,
537 658 605 709 non
631 635 763 710 video.''

151 761 226 834 Nea
268 760 411 833 dubium
454 769 525 853 est,
569 760 654 856 quid
695 770 774 857 post
814 763 902 837 haee
942 763 1128 859 Augustus
1170 767 1385 840 constituerit

104 894 137 958 et
186 884 365 980 reliquerit
415 908 495 959 eum
545 887 641 959 nullo
691 896 831 982 praeter
880 889 1062 983 auguralis
1104 890 1286 964 sacerdotii
1325 891 1384 965 ho-

102 1033 186 1084 mm
247 1009 478 1106 mmmmm
542 1035 584 1085 m
647 1035 691 1085 m
749 1011 1238 1110 mmmmtfflwnnm
1296 1015 1386 1091 mm

102 1135 222 1209 tertios
280 1158 322 1208 ac
380 1157 492 1230 paene
548 1144 733 1209 extraneos
783 1161 802 1210 e
852 1146 951 1234 parte
1001 1146 1102 1212 sexta
1150 1149 1383 1236 nuncuparet,

142 1305 202 1365 Dio
226 1309 274 1381 60,
298 1308 327 1380 2,
350 1305 542 1366 2=Suidas
563 1324 586 1366 a.
604 1326 631 1366 u.
654 1307 813 1377 Κλαύδιος.
846 1307 898 1372 uui
931 1306 981 1372 aa
1013 1314 1099 1374 τοῦτο
1132 1309 1184 1374 uei
1215 1310 1256 1390 τῷ
1282 1311 1383 1391 Φωνή-

102 1437 179 1491 μιιτι
201 1411 391 1496 ἐσφάλλετο.

135 1699 248 1768 ἀσαφῶς
268 1705 403 1766 loquatur.
422 1704 454 1752 cf.
473 1719 494 1753 c.
512 1701 558 1752 30:
575 1711 717 1766 praeterea

104 1789 212 1850 linquae
239 1789 394 1838 titubantia.
427 1788 500 1847 Quod
529 1789 638 1852 vitium,
663 1805 716 1853 quo

103 1872 228 1922 Claudius
252 1875 407 1936 praesertim
432 1875 516 1923 iratus
534 1874 716 1937 laborabatur,

102 1957 189 2020 tangit
213 1955 274 2006 Sen.
300 1957 404 2020 Apoeol.
431 1957 460 2021 5,
487 1957 516 2008 2:
542 1961 632 2008 nescio
649 1961 716 2022 quiid

104 2041 182 2090 illum
217 2042 324 2091 niinari
357 2067 391 2076 —
425 2044 595 2105 reapondisse
628 2046 717 2095 necem

103 2127 171 2189 quid
193 2127 351 2189 perturbato
374 2142 438 2177 sono
461 2135 487 2177 et
507 2144 567 2178 uoce
587 2129 717 2191 confusa,-

103 2212 132 2275 5,
165 2210 194 2261 3:
227 2227 318 2262 uocem
351 2214 454 2263 uirilius
487 2215 623 2264 terrestris
654 2215 716 2264 ani-

102 2296 197 2359 malis,
223 2296 269 2346 sed
296 2298 386 2360 qualia
410 2313 467 2347 ease
489 2299 609 2347 marinis
633 2299 717 2347 beluis

103 2383 182 2443 aelet,·
207 2381 235 2445 6,
262 2381 290 2431 2:
318 2384 385 2445 quid
402 2384 516 2447 diceret,
540 2398 618 2434 nenio
636 2384 717 2433 intel-

103 2467 211 2528 legebat.
311 2503 315 2515 .

138 2550 312 2600 Constituerit
335 2558 361 2601 et
384 2554 535 2616 reliquerit.
572 2553 637 2603 haec
654 2554 717 2604 ferri

105 2650 156 2684 non
190 2641 313 2699 possunt,
348 2652 412 2686 nam
447 2637 559 2688 Woltius
594 2645 621 2688 et
653 2639 717 2688 Bre-

104 2722 183 2784 mius,
216 2722 263 2784 qui
297 2723 475 2771 anacoluthon
507 2723 577 2786 quod
609 2729 717 2780 vocant,

103 2809 193 2857 adesse
224 2812 252 2856 et
283 2812 342 2870 post
367 2813 393 2856 et
421 2811 511 2855 mente
537 2808 715 2870 supplendum

102 2906 159 2942 esse
191 2898 347 2942 statuerunt
382 2893 466 2954 quin,
499 2893 622 2954 exempla
655 2892 717 2941 talis

102 2978 255 3027 anacolntlri
290 2978 384 3026 afferre
410 2977 566 3025 omiserunt.
601 2975 716 3025 Torren-

102 3063 154 3111 tius
180 3077 226 3125 pro
257 3063 325 3125 quiid
352 3062 494 3126 legendum
521 3076 578 3110 esse
606 3062 718 3111 coniecit

102 3149 183 3210 quin,
210 3161 263 3195 non
280 3152 365 3209 recte,
392 3161 453 3195 cum
471 3147 643 3195 constituerit
661 3148 717 3195 sine

102 3231 202 3280 obiecto
225 3235 296 3280 stare
313 3245 367 3279 non
385 3231 472 3293 possit.
500 3231 622 3294 Meliora,
649 3233 718 3293 qnod

102 3316 133 3364 ad
151 3330 260 3365 sensum
278 3316 388 3378 attinet,
407 3315 540 3363 dederunt
557 3315 640 3364 editio
660 3314 718 3365 Ste-

105 3400 185 3462 phani
216 3414 262 3462 pro
288 3405 314 3448 et
340 3399 468 3462 praebens
493 3401 541 3462 qui
567 3404 595 3448 et
621 3400 718 3449 Ernes-

103 3485 170 3548 tiuS,
208 3485 255 3548 qui
294 3489 356 3533 ante
392 3490 418 3533 et
452 3484 626 3533 inserendum
661 3499 718 3533 esse

102 3569 206 3631 putarit
234 3584 313 3629 ‹·um;
341 3569 386 3618 sed
417 3569 482 3616 haec
512 3584 619 3632 quoque
640 3570 719 3619 nimis

102 3667 118 3702 a
150 3653 248 3702 tradita
282 3653 395 3702 lectione
430 3653 565 3702 recedunt.
608 3654 719 3703 Leniore

103 3738 205 3786 medela
228 3738 317 3786 locum
342 3751 435 3786 sanare
453 3738 519 3786 mihi
537 3753 610 3800 posse
629 3739 719 3789 uideor

102 3821 219 3871 scribens
259 3828 291 3870 ut
330 3837 376 3884 pro
412 3829 444 3872 et.
487 3823 585 3872 Eodem
626 3839 719 3886 sensu,

103 3921 155 3968 quo
186 3912 217 3954 ut
247 3908 319 3955 valet
349 3907 389 3955 ita
421 3913 464 3970 ut,
497 3909 562 3957 haec
589 3909 720 3971 particula

103 3996 248 4054 usurpatur
264 3991 331 4054 Aug.
350 3990 396 4040 13:
421 3993 477 4041 Nec
494 4007 644 4043 antecessum
663 3995 717 4042 uie·

103 4079 189 4126 toriae
205 4077 362 4125 eruderatus
380 4083 419 4126 est
435 4078 482 4126 sed
500 4103 533 4111 -
550 4078 580 4126 ia
595 4077 717 4139 splendi-

102 4161 250 4210 dissimum
273 4176 408 4224 quemque
431 4163 570 4224 captiuum
587 4177 643 4211 non
661 4163 719 4212 sine

101 4245 244 4294 uerborum
262 4247 425 4296 contumelia
438 4249 549 4306 saeviit,·
567 4253 598 4295 ut
608 4248 720 4309 quidem

101 4333 151 4379 uni
176 4356 210 4364 -
236 4332 407 4393 respondisse
432 4333 550 4382 dicatur.
579 4333 646 4395 Aug.
673 4332 718 4381 20:

102 4415 219 4478 Reliqua
245 4430 294 4476 per
318 4416 418 4478 legatos
441 4417 662 4478 administravit,
689 4423 720 4464 ut

103 4505 195 4548 tamen
223 4525 258 4532 -
287 4505 335 4548 aut
368 4501 547 4550 interueniret
581 4507 629 4549 aut
664 4514 721 4549 nan

104 4585 181 4646 loaqe
197 4584 308 4634 abesset.

134 4675 252 4731 praeter.
287 4669 475 4719 adverbialiter
492 4669 592 4718 dictum
611 4674 642 4718 ut
658 4669 721 4718 Ner.

105 4753 149 4804 56:
181 4760 292 4817 praeter
327 4755 410 4804 unius
442 4755 486 4803 dei
513 4753 619 4816 Syriae.
655 4753 720 4802 Geli.

104 4838 114 4886 1
141 4838 187 4902 ⁴23,
214 4837 262 4888 t3:
289 4845 399 4901 praeter
417 4839 463 4888 ille
481 4838 622 4901 Papirius.
641 4838 721 4886 Plura

771 1707 894 1769 exempla
936 1707 1067 1770 congessit
1111 1705 1313 1770 Oudendorpius
1347 1708 1385 1757 ad

771 1792 843 1840 hunc
860 1792 956 1839 locum.

804 1877 948 1938 auguralis
965 1877 1118 1925 sacerdotii.
1154 1890 1223 1925 anno
1248 1875 1325 1938 76617
1344 1879 1385 1926 661

772 1957 860 2023 76118,
893 1976 946 2024 quo
973 1976 1050 2010 arens
1075 1960 1221 2011 Tieinensis
1248 1966 1402 2020 ertruetus¹

771 2049 825 2108 est,
857 2045 975 2094 nondum
1005 2043 1131 2095 Claudius
1157 2060 1244 2109 augur
1270 2052 1328 2095 erat
1353 2047 1385 2096 cf.

771 2126 798 2176 C.
817 2128 836 2177 1.
856 2129 875 2177 L
901 2127 1006 2177 116416
1024 2145 1054 2171 =
1074 2129 1144 2178 Dess.
1163 2128 1261 2193 6167,
1279 2129 1325 2180 1οι
1348 2131 1385 2180 Ti.

773 2214 887 2263 Claudio
903 2214 990 2262 Drusi
1008 2213 1165 2264 Germanici
1175 2215 1195 2276 f.
1205 2215 1308 2265 Neroni
1319 2216 1386 2265 Ger-

771 2299 885 2348 manico.
903 2298 1073 2359 Auguratum
1092 2303 1225 2347 testantur
1237 2299 1386 2362 inscriptio-

771 2382 939 2433 nescir.
959 2383 994 2431 111
1012 2381 1075 2432 aar:
1095 2381 1146 2445 [ri.
1164 2382 1387 2445 cinamomum
1480 2368 1483 2376 '

773 2467 955 2531 [Gerlmanici
973 2468 1014 2530 sil.
1031 2469 1135 2518 Neroni
1154 2468 1317 2517 Germanico
1336 2483 1387 2517 aa·

773 2552 858 2616 [puri]
868 2551 1130 2616 sodaliAuqustal(i)
1139 2554 1227 2602 sodali
1238 2553 1309 2602 Titio
1318 2567 1368 2603 eoa.
1378 2567 1386 2609 ,·

771 2644 798 2688 et
821 2638 840 2687 V
867 2638 900 2687 24
919 2655 949 2681 =
967 2639 1040 2687 Desa.
1063 2636 1168 2687 ιι.198;
1188 2635 1387 2699 [1161166616

773 2721 880 2785 [Dru]si
905 2724 1032 2772 German.
1058 2724 1077 2785 f.
1101 2723 1204 2772 Neroni
1223 2722 1386 2772 Germanico

771 2809 873 2870 auqiiri
904 2808 991 2856 sodali
1024 2807 1094 2870 Aug.
1123 2807 1208 2856 sodali
1237 2806 1308 2856 Titio
1335 2822 1385 2856 cos.

772 2893 802 2941 In
833 2893 920 2942 titulis
951 2891 1055 2941 Claudii
1086 2892 1210 2954 principis
1236 2895 1385 2954 auguratus

771 2979 871 3027 mentio
911 2992 964 3026 non
1002 2976 1046 3039 At,
1086 2976 1113 3025 in
1151 2991 1261 3024 nummo
1294 2980 1385 3025 tamen

771 3059 881 3123 (Eckhel
905 3063 929 3110 d.
955 3077 979 3110 n.
1003 3061 1037 3110 Vl
1061 3060 1109 3110 141
1131 3077 1161 3104 =
1180 3059 1270 3109 Cohen
1294 3059 1387 3109 Claud.

773 3162 798 3196 n.
816 3145 869 3210 56),
886 3161 977 3195 aversa
995 3146 1088 3195 habet:
1107 3160 1196 3208 avttyttr
1213 3159 1255 3193 cos
1273 3144 1323 3193 ΙΙΙ.

807 3232 906 3280 honore
922 3232 1101 3292 impertitam.
1120 3227 1284 3291 etAugtb:
1303 3231 1387 3278 sorios

771 3330 966 3378 -numquani
981 3315 1059 3364 danis
1069 3313 1264 3376 tripertiendos
1272 3315 1387 3375 putauit.

772 3402 844 3451 Nea·
857 3400 903 3450 37:
930 3412 1200 3462 neque-quemquam
1222 3398 1312 3446 oscado
1333 3399 1388 3447 im-

772 3488 876 3549 pertiit.
915 3485 957 3535 Sic
990 3485 1043 3533 iarn
1078 3483 1135 3532 Ter.
1168 3482 1288 3530 Eunuch.
1323 3480 1387 3531 270:

772 3571 901 3620 Plurima
924 3570 1010 3618 salute
1027 3569 1230 3617 Parmenonem
1248 3580 1388 3615 summum

773 3669 851 3703 strom
877 3654 1002 3715 impertit
1028 3651 1135 3700 Gnatho
1162 3651 1194 3700 ci.
1220 3650 1308 3713 Nepos
1333 3650 1387 3700 Att.

773 3738 802 3801 1,
815 3737 839 3787 3.
858 3737 948 3786 Cicero
958 3742 985 3785 et
992 3737 1073 3785 ceteri
1083 3735 1199 3784 melioris
1210 3741 1240 3784 ut
1249 3736 1326 3784 aiunt
1337 3735 1387 3784 La-

773 3824 889 3873 tinitatis
929 3826 1049 3872 auctores
1086 3821 1212 3870 dixerunt
1253 3820 1388 3882 impertire

773 3911 859 3958 alicui
892 3908 1002 3971 aliquid
1034 3921 1081 3954 nec
1114 3906 1196 3954 aliter
1222 3903 1294 3954 Suet.
1321 3904 1388 3967 Aug.

773 3991 944 4044 16111156.

807 4078 868 4128 Sola
889 4077 1083 4126 commendatio
1105 4076 1220 4140 Augusti
1240 4074 1388 4124 sufficiebat

774 4168 804 4211 ut
822 4161 948 4211 Claudius
965 4160 1066 4211 aXVll
1076 4161 1200 4210 tribubus
1214 4175 1301 4223 augur
1314 4175 1388 4209 crea-

773 4251 860 4309 retur,
886 4247 918 4296 61.
942 4245 1062 4295 Momms.
1082 4245 1143 4294 StR.
1160 4242 1197 4293 11³
1213 4242 1280 4292 1110
1298 4259 1337 4307 sq.
1357 4261 1387 4287 =

775 4329 810 4380 11²
828 4330 895 4380 1655
912 4346 950 4394 sq.

807 4417 863 4465 nisi
884 4417 957 4465 inter
974 4416 1074 4464 tertios.
1092 4414 1124 4462 cf.
1142 4413 1209 4475 Aug.
1226 4411 1290 4461 101:
1309 4414 1388 4462 tertio

775 4500 865 4562 prada
882 4496 1029 4562 (heredes):
1046 4501 1218 4561 paropinqaoa
1233 4499 1389 4560 caricaeque
1451 4497 1454 4502 ’

775 4585 936 4645 complures.
954 4583 1013 4632 Tae.
1031 4584 1098 4632 Ann.
1117 4581 1170 4632 18.

809 4669 881 4717 inter
905 4672 1048 4716 extraneos
1079 4668 1096 4716 i.
1128 4682 1150 4716 e.
1177 4667 1248 4716 inter
1273 4682 1317 4717 eos
1343 4667 1390 4730 qui

776 4753 818 4801 vix
836 4753 942 4815 cognati
959 4753 1090 4803 nominari
1108 4757 1261 4815 potuerunt.

810 4844 987 4901 nuncuparet.
1023 4838 1061 4887 ita
1094 4852 1114 4886 6.
1150 4836 1327 4889 Memmianus
1363 4840 1391 4887 et
