<?xml version="1.0" encoding="UTF-8"?>
<!DOCTYPE html PUBLIC "-//W3C//DTD XHTML 1.0 Transitional//EN"
    "http://www.w3.org/TR/xhtml1/DTD/xhtml1-transitional.dtd">
<html xmlns="http://www.w3.org/1999/xhtml" xml:lang="en" lang="en">
 <head>
  <title>
</title>
<meta http-equiv="Content-Type" content="text/html;charset=utf-8" />
  <meta name='ocr-system' content='tesseract 3.04.00' />
  <meta name='ocr-capabilities' content='ocr_page ocr_carea ocr_par ocr_line ocrx_word'/>
</head>
<body>
  <div class='ocr_page' id='page_1' title='image "./vitadiviclaudii00smilgoog_0129.png"; bbox 0 0 3322 5512; ppageno 0'>
   <div class='ocr_carea' id='block_1_1' title="bbox 916 342 973 400">
    <p class='ocr_par' dir='ltr' id='par_1_1' title="bbox 916 342 973 400">
     <span class='ocr_line' id='line_1_1' title="bbox 916 342 973 400; baseline 0.018 -1"><span class='ocrx_word' id='word_1_1' title='bbox 916 342 973 400; x_wconf 78' lang='lat'><strong>104</strong></span> 
     </span>
    </p>
   </div>
   <div class='ocr_carea' id='block_1_2' title="bbox 207 525 1586 1123">
    <p class='ocr_par' dir='ltr' id='par_1_2' title="bbox 207 525 954 621">
     <span class='ocr_line' id='line_1_2' title="bbox 207 525 954 621; baseline 0.007 -26"><span class='ocrx_word' id='word_1_2' title='bbox 207 581 214 595; x_wconf 91' lang='lat'><strong>.</strong></span> <span class='ocrx_word' id='word_1_3' title='bbox 306 525 542 620; x_wconf 79' lang='lat' dir='ltr'><strong>operariorum</strong></span> <span class='ocrx_word' id='word_1_4' title='bbox 568 547 819 621; x_wconf 90' lang='lat' dir='ltr'><strong>servorumque</strong></span> <span class='ocrx_word' id='word_1_5' title='bbox 843 527 954 600; x_wconf 87' lang='lat' dir='ltr'><strong>turba</strong></span> 
     </span>
    </p>

    <p class='ocr_par' dir='ltr' id='par_1_3' title="bbox 302 649 1586 1123">
     <span class='ocr_line' id='line_1_3' title="bbox 353 649 1585 745; baseline 0.002 -23"><span class='ocrx_word' id='word_1_6' title='bbox 353 649 492 722; x_wconf 87' lang='lat' dir='ltr'>XXIII.</span> <span class='ocrx_word' id='word_1_7' title='bbox 542 651 675 723; x_wconf 86' lang='lat' dir='ltr'><strong>Rerum</strong></span> <span class='ocrx_word' id='word_1_8' title='bbox 713 660 846 745; x_wconf 89' lang='lat' dir='ltr'><strong>actum,</strong></span> <span class='ocrx_word' id='word_1_9' title='bbox 885 651 1035 724; x_wconf 87' lang='lat' dir='ltr'><strong>divisum</strong></span> <span class='ocrx_word' id='word_1_10' title='bbox 1075 659 1180 725; x_wconf 90' lang='lat' dir='ltr'><strong>antea</strong></span> <span class='ocrx_word' id='word_1_11' title='bbox 1214 652 1249 724; x_wconf 89' lang='lat' dir='ltr'><strong>in</strong></span> <span class='ocrx_word' id='word_1_12' title='bbox 1284 653 1448 726; x_wconf 89' lang='lat' dir='ltr'><strong>hibernos</strong></span> <span class='ocrx_word' id='word_1_13' title='bbox 1480 653 1585 727; x_wconf 89' lang='lat' dir='ltr'><strong>aesti-</strong></span> 
     </span>
     <span class='ocr_line' id='line_1_4' title="bbox 304 775 1585 871; baseline 0.003 -25"><span class='ocrx_word' id='word_1_14' title='bbox 304 796 436 868; x_wconf 83' lang='lat' dir='ltr'><strong>uosque</strong></span> <span class='ocrx_word' id='word_1_15' title='bbox 461 797 617 868; x_wconf 90' lang='lat' dir='ltr'><strong>menses,</strong></span> <span class='ocrx_word' id='word_1_16' title='bbox 649 775 834 849; x_wconf 87' lang='lat' dir='ltr'><strong>coniunxit.</strong></span> <span class='ocrx_word' id='word_1_17' title='bbox 869 776 961 849; x_wconf 84' lang='lat' dir='ltr'><strong>Iuris</strong></span> <span class='ocrx_word' id='word_1_18' title='bbox 986 776 1170 851; x_wconf 87' lang='lat' dir='ltr'><strong>dictionem</strong></span> <span class='ocrx_word' id='word_1_19' title='bbox 1195 776 1240 850; x_wconf 94' lang='lat' dir='ltr'><strong>de</strong></span> <span class='ocrx_word' id='word_1_20' title='bbox 1266 777 1346 851; x_wconf 88' lang='lat' dir='ltr'><strong>fidei</strong></span> <span class='ocrx_word' id='word_1_21' title='bbox 1373 778 1585 871; x_wconf 89' lang='lat' dir='ltr'><strong>commissis,</strong></span> 
     </span>
     <span class='ocr_line' id='line_1_5' title="bbox 302 899 1586 997; baseline 0.002 -26"><span class='ocrx_word' id='word_1_22' title='bbox 302 908 386 994; x_wconf 91' lang='lat' dir='ltr'><strong>quot</strong></span> <span class='ocrx_word' id='word_1_23' title='bbox 428 899 529 972; x_wconf 90' lang='lat' dir='ltr'><strong>annis</strong></span> <span class='ocrx_word' id='word_1_24' title='bbox 567 909 601 973; x_wconf 90' lang='lat' dir='ltr'><strong>et</strong></span> <span class='ocrx_word' id='word_1_25' title='bbox 637 909 772 974; x_wconf 84' lang='lat' dir='ltr'><strong>tantum</strong></span> <span class='ocrx_word' id='word_1_26' title='bbox 809 901 846 973; x_wconf 90' lang='lat' dir='ltr'><strong>iu</strong></span> <span class='ocrx_word' id='word_1_27' title='bbox 885 903 970 975; x_wconf 90' lang='lat' dir='ltr'><strong>urbe</strong></span> <span class='ocrx_word' id='word_1_28' title='bbox 1007 901 1165 997; x_wconf 82' lang='lat' dir='ltr'><strong>delegari</strong></span> <span class='ocrx_word' id='word_1_29' title='bbox 1201 902 1466 997; x_wconf 82' lang='lat' dir='ltr'><strong>magistratibus</strong></span> <span class='ocrx_word' id='word_1_30' title='bbox 1503 902 1586 976; x_wconf 90' lang='lat' dir='ltr'><strong>soli-</strong></span> 
     </span>
     <span class='ocr_line' id='line_1_6' title="bbox 302 1024 1585 1123; baseline 0.002 -26"><span class='ocrx_word' id='word_1_31' title='bbox 302 1033 391 1116; x_wconf 88' lang='lat' dir='ltr'><strong>tam,</strong></span> <span class='ocrx_word' id='word_1_32' title='bbox 433 1024 468 1096; x_wconf 89' lang='lat' dir='ltr'><strong>in</strong></span> <span class='ocrx_word' id='word_1_33' title='bbox 507 1033 712 1120; x_wconf 91' lang='lat' dir='ltr'><strong>perpetuum</strong></span> <span class='ocrx_word' id='word_1_34' title='bbox 748 1033 852 1120; x_wconf 87' lang='lat' dir='ltr'><strong>atque</strong></span> <span class='ocrx_word' id='word_1_35' title='bbox 886 1027 990 1100; x_wconf 91' lang='lat' dir='ltr'><strong>etiam</strong></span> <span class='ocrx_word' id='word_1_36' title='bbox 1024 1050 1087 1123; x_wconf 91' lang='lat' dir='ltr'><strong>per</strong></span> <span class='ocrx_word' id='word_1_37' title='bbox 1121 1027 1318 1122; x_wconf 90' lang='lat' dir='ltr'><strong>provincias</strong></span> <span class='ocrx_word' id='word_1_38' title='bbox 1352 1027 1585 1123; x_wconf 79' lang='lat' dir='ltr'><strong>potestatibus</strong></span> 
     </span>
    </p>
   </div>
   <div class='ocr_carea' id='block_1_3' title="bbox 273 1289 914 4910">
    <p class='ocr_par' dir='ltr' id='par_1_4' title="bbox 300 1289 914 1692">
     <span class='ocr_line' id='line_1_7' title="bbox 300 1289 914 1354; baseline 0.005 -18"><span class='ocrx_word' id='word_1_39' title='bbox 300 1292 383 1351; x_wconf 86' lang='lat' dir='ltr'><strong>stare,</strong></span> <span class='ocrx_word' id='word_1_40' title='bbox 402 1289 447 1337; x_wconf 90' lang='lat' dir='ltr'><strong>sed</strong></span> <span class='ocrx_word' id='word_1_41' title='bbox 465 1290 553 1339; x_wconf 89' lang='lat' dir='ltr'><strong>nescio</strong></span> <span class='ocrx_word' id='word_1_42' title='bbox 571 1303 604 1338; x_wconf 90' lang='lat' dir='ltr'><strong>an</strong></span> <span class='ocrx_word' id='word_1_43' title='bbox 622 1304 674 1352; x_wconf 80' lang='lat' dir='ltr'><strong>que</strong></span> <span class='ocrx_word' id='word_1_44' title='bbox 685 1290 766 1354; x_wconf 82' lang='lat' dir='ltr'>accipi</span> <span class='ocrx_word' id='word_1_45' title='bbox 784 1290 865 1353; x_wconf 86' lang='lat' dir='ltr'><strong>possit</strong></span> <span class='ocrx_word' id='word_1_46' title='bbox 883 1305 914 1339; x_wconf 89' lang='lat' dir='ltr'><strong>ea</strong></span> 
     </span>
     <span class='ocr_line' id='line_1_8' title="bbox 300 1373 913 1438; baseline 0.003 -17"><span class='ocrx_word' id='word_1_47' title='bbox 300 1373 503 1438; x_wconf 81' lang='lat' dir='ltr'><strong>significatione,</strong></span> <span class='ocrx_word' id='word_1_48' title='bbox 522 1379 553 1423; x_wconf 89' lang='lat' dir='ltr'><strong>ut</strong></span> <span class='ocrx_word' id='word_1_49' title='bbox 568 1375 622 1424; x_wconf 84' lang='lat' dir='ltr'><strong>iere</strong></span> <span class='ocrx_word' id='word_1_50' title='bbox 636 1377 725 1424; x_wconf 85' lang='lat' dir='ltr'><strong>valeat</strong></span> <span class='ocrx_word' id='word_1_51' title='bbox 737 1376 851 1437; x_wconf 85' lang='lat' dir='ltr'><strong>quidem</strong></span> <span class='ocrx_word' id='word_1_52' title='bbox 860 1376 913 1425; x_wconf 87' lang='lat' dir='ltr'><strong>col-</strong></span> 
     </span>
     <span class='ocr_line' id='line_1_9' title="bbox 300 1458 914 1522; baseline 0.007 -16"><span class='ocrx_word' id='word_1_53' title='bbox 300 1459 361 1507; x_wconf 87' lang='lat' dir='ltr'><strong>latis</strong></span> <span class='ocrx_word' id='word_1_54' title='bbox 378 1474 399 1508; x_wconf 84' lang='lat' dir='ltr'><strong>c.</strong></span> <span class='ocrx_word' id='word_1_55' title='bbox 416 1458 445 1509; x_wconf 83' lang='lat' dir='ltr'><strong>i:</strong></span> <span class='ocrx_word' id='word_1_56' title='bbox 463 1474 623 1522; x_wconf 83' lang='lat' dir='ltr'><strong>summoque</strong></span> <span class='ocrx_word' id='word_1_57' title='bbox 634 1460 742 1522; x_wconf 88' lang='lat' dir='ltr'><strong>saepius</strong></span> <span class='ocrx_word' id='word_1_58' title='bbox 754 1461 914 1510; x_wconf 81' lang='lat' dir='ltr'><strong>discrimine</strong></span> 
     </span>
     <span class='ocr_line' id='line_1_10' title="bbox 300 1541 912 1607; baseline 0.003 -16"><span class='ocrx_word' id='word_1_59' title='bbox 300 1541 355 1604; x_wconf 83' lang='lat' dir='ltr'><strong>(iric</strong></span> <span class='ocrx_word' id='word_1_60' title='bbox 373 1558 480 1607; x_wconf 89' lang='lat' dir='ltr'><strong>quoque</strong></span> <span class='ocrx_word' id='word_1_61' title='bbox 497 1544 569 1593; x_wconf 90' lang='lat' dir='ltr'><strong>delet</strong></span> <span class='ocrx_word' id='word_1_62' title='bbox 586 1560 608 1593; x_wconf 85' lang='lat' dir='ltr'><strong>v.</strong></span> <span class='ocrx_word' id='word_1_63' title='bbox 627 1546 658 1594; x_wconf 89' lang='lat' dir='ltr'><strong>cl.</strong></span> <span class='ocrx_word' id='word_1_64' title='bbox 676 1546 693 1595; x_wconf 91' lang='lat' dir='ltr'><strong>l.</strong></span> <span class='ocrx_word' id='word_1_65' title='bbox 708 1546 725 1594; x_wconf 92' lang='lat' dir='ltr'><strong>l.</strong></span> <span class='ocrx_word' id='word_1_66' title='bbox 744 1559 767 1607; x_wconf 92' lang='lat' dir='ltr'><strong>p.</strong></span> <span class='ocrx_word' id='word_1_67' title='bbox 777 1542 821 1605; x_wconf 79' lang='lat'><strong>36)</strong></span> <span class='ocrx_word' id='word_1_68' title='bbox 839 1544 912 1594; x_wconf 75' lang='grc' dir='ltr'>ε.21ε</span> 
     </span>
     <span class='ocr_line' id='line_1_11' title="bbox 301 1629 856 1692; baseline 0.005 -17"><span class='ocrx_word' id='word_1_69' title='bbox 301 1629 426 1691; x_wconf 76' lang='lat' dir='ltr'><strong>‹prrodque</strong></span> <span class='ocrx_word' id='word_1_70' title='bbox 442 1629 582 1692; x_wconf 89' lang='lat' dir='ltr'><strong>appellare</strong></span> <span class='ocrx_word' id='word_1_71' title='bbox 595 1630 682 1691; x_wconf 86' lang='lat' dir='ltr'><strong>eoepit</strong></span> <span class='ocrx_word' id='word_1_72' title='bbox 694 1630 856 1691; x_wconf 78' lang='lat' dir='ltr'><strong>sportulam.</strong></span> 
     </span>
    </p>

    <p class='ocr_par' dir='ltr' id='par_1_5' title="bbox 273 1714 912 2030">
     <span class='ocr_line' id='line_1_12' title="bbox 273 1714 912 1776; baseline 0 -14"><span class='ocrx_word' id='word_1_73' title='bbox 273 1767 275 1771; x_wconf 56' lang='grc'>,</span> <span class='ocrx_word' id='word_1_74' title='bbox 333 1715 523 1775; x_wconf 73' lang='lat' dir='ltr'><strong>operariorum</strong></span> <span class='ocrx_word' id='word_1_75' title='bbox 552 1727 751 1776; x_wconf 80' lang='lat' dir='ltr'><strong>seraomrmque.</strong></span> <span class='ocrx_word' id='word_1_76' title='bbox 786 1714 823 1763; x_wconf 89' lang='lat' dir='ltr'><strong>sic</strong></span> <span class='ocrx_word' id='word_1_77' title='bbox 848 1714 912 1762; x_wconf 92' lang='lat' dir='ltr'><strong>olim</strong></span> 
     </span>
     <span class='ocr_line' id='line_1_13' title="bbox 299 1797 912 1862; baseline 0.002 -15"><span class='ocrx_word' id='word_1_78' title='bbox 299 1797 427 1847; x_wconf 64' lang='lat' dir='ltr'><strong>testebant</strong></span> <span class='ocrx_word' id='word_1_79' title='bbox 443 1812 478 1846; x_wconf 90' lang='lat' dir='ltr'><strong>ne</strong></span> <span class='ocrx_word' id='word_1_80' title='bbox 496 1798 564 1847; x_wconf 87' lang='lat' dir='ltr'><strong>servi</strong></span> <span class='ocrx_word' id='word_1_81' title='bbox 581 1802 630 1847; x_wconf 86' lang='lat' dir='ltr'><strong>aut</strong></span> <span class='ocrx_word' id='word_1_82' title='bbox 644 1799 760 1848; x_wconf 89' lang='lat' dir='ltr'><strong>libertini</strong></span> <span class='ocrx_word' id='word_1_83' title='bbox 769 1797 912 1862; x_wconf 86' lang='lat' dir='ltr'><strong>(operarios</strong></span> 
     </span>
     <span class='ocr_line' id='line_1_14' title="bbox 299 1881 912 1946; baseline 0.007 -17"><span class='ocrx_word' id='word_1_84' title='bbox 299 1881 436 1930; x_wconf 87' lang='lat' dir='ltr'><strong>libertinos</strong></span> <span class='ocrx_word' id='word_1_85' title='bbox 470 1882 551 1932; x_wconf 88' lang='lat' dir='ltr'><strong>fuisse</strong></span> <span class='ocrx_word' id='word_1_86' title='bbox 581 1881 656 1946; x_wconf 89' lang='lat' dir='ltr'><strong>puto)</strong></span> <span class='ocrx_word' id='word_1_87' title='bbox 687 1884 767 1933; x_wconf 89' lang='lat' dir='ltr'><strong>sacris</strong></span> <span class='ocrx_word' id='word_1_88' title='bbox 792 1884 912 1933; x_wconf 87' lang='lat' dir='ltr'><strong>Herculis</strong></span> 
     </span>
     <span class='ocr_line' id='line_1_15' title="bbox 299 1966 911 2030; baseline 0.005 -16"><span class='ocrx_word' id='word_1_89' title='bbox 299 1967 468 2030; x_wconf 74' lang='lat' dir='ltr'><strong>interessent,</strong></span> <span class='ocrx_word' id='word_1_90' title='bbox 493 1967 525 2016; x_wconf 87' lang='lat' dir='ltr'><strong>cf.</strong></span> <span class='ocrx_word' id='word_1_91' title='bbox 550 1966 621 2017; x_wconf 80' lang='lat' dir='ltr'><strong>Serv,</strong></span> <span class='ocrx_word' id='word_1_92' title='bbox 645 1969 676 2017; x_wconf 87' lang='lat' dir='ltr'><strong>ad</strong></span> <span class='ocrx_word' id='word_1_93' title='bbox 695 1968 759 2017; x_wconf 86' lang='lat' dir='ltr'><strong>Aen.</strong></span> <span class='ocrx_word' id='word_1_94' title='bbox 778 1968 837 2017; x_wconf 91' lang='lat' dir='ltr'>VIII</span> <span class='ocrx_word' id='word_1_95' title='bbox 854 1966 911 2018; x_wconf 83' lang='grc'>179.</span> 
     </span>
    </p>

    <p class='ocr_par' dir='ltr' id='par_1_6' title="bbox 293 2051 912 3806">
     <span class='ocr_line' id='line_1_16' title="bbox 332 2051 912 2116; baseline 0.007 -18"><span class='ocrx_word' id='word_1_96' title='bbox 332 2051 434 2099; x_wconf 80' lang='lat' dir='ltr'><strong>Rerum</strong></span> <span class='ocrx_word' id='word_1_97' title='bbox 464 2053 739 2101; x_wconf 83' lang='lat' dir='ltr'><strong>actum-coaiuuarit.</strong></span> <span class='ocrx_word' id='word_1_98' title='bbox 775 2052 912 2116; x_wconf 79' lang='lat' dir='ltr'><strong>Augustus</strong></span> 
     </span>
     <span class='ocr_line' id='line_1_17' title="bbox 298 2134 911 2198; baseline 0.007 -15"><span class='ocrx_word' id='word_1_99' title='bbox 298 2134 428 2184; x_wconf 87' lang='lat' dir='ltr'><strong>iudicibus</strong></span> <span class='ocrx_word' id='word_1_100' title='bbox 443 2149 474 2183; x_wconf 84' lang='lat' dir='ltr'><strong>ex</strong></span> <span class='ocrx_word' id='word_1_101' title='bbox 488 2136 738 2198; x_wconf 86' lang='lat' dir='ltr'><strong>quattuordecuriis</strong></span> <span class='ocrx_word' id='word_1_102' title='bbox 748 2137 911 2187; x_wconf 80' lang='lat' dir='ltr'><strong>vacationem</strong></span> 
     </span>
     <span class='ocr_line' id='line_1_18' title="bbox 299 2219 911 2283; baseline 0.007 -16"><span class='ocrx_word' id='word_1_103' title='bbox 299 2235 344 2283; x_wconf 90' lang='lat' dir='ltr'><strong>per</strong></span> <span class='ocrx_word' id='word_1_104' title='bbox 366 2234 471 2269; x_wconf 88' lang='lat' dir='ltr'><strong>menses</strong></span> <span class='ocrx_word' id='word_1_105' title='bbox 494 2219 671 2270; x_wconf 84' lang='lat' dir='ltr'><strong>Novembrem</strong></span> <span class='ocrx_word' id='word_1_106' title='bbox 694 2226 721 2270; x_wconf 91' lang='lat' dir='ltr'><strong>et</strong></span> <span class='ocrx_word' id='word_1_107' title='bbox 739 2221 911 2271; x_wconf 77' lang='lat' dir='ltr'><strong>Decembrem</strong></span> 
     </span>
     <span class='ocr_line' id='line_1_19' title="bbox 298 2304 911 2368; baseline 0.005 -15"><span class='ocrx_word' id='word_1_108' title='bbox 298 2308 473 2367; x_wconf 79' lang='lat' dir='ltr'><strong>concesserat,</strong></span> <span class='ocrx_word' id='word_1_109' title='bbox 490 2304 522 2354; x_wconf 80' lang='lat' dir='ltr'><strong>cs.</strong></span> <span class='ocrx_word' id='word_1_110' title='bbox 541 2304 606 2368; x_wconf 80' lang='lat' dir='ltr'><strong>Aug.</strong></span> <span class='ocrx_word' id='word_1_111' title='bbox 619 2304 665 2354; x_wconf 74' lang='lat'><strong>32:</strong></span> <span class='ocrx_word' id='word_1_112' title='bbox 683 2306 729 2354; x_wconf 80' lang='lat' dir='ltr'><strong>uiae</strong></span> <span class='ocrx_word' id='word_1_113' title='bbox 740 2309 911 2356; x_wconf 84' lang='lat' dir='ltr'><strong>concessit-</strong></span> 
     </span>
     <span class='ocr_line' id='line_1_20' title="bbox 298 2389 910 2451; baseline 0.003 -14"><span class='ocrx_word' id='word_1_114' title='bbox 298 2395 327 2437; x_wconf 90' lang='lat' dir='ltr'><strong>ut</strong></span> <span class='ocrx_word' id='word_1_115' title='bbox 356 2389 451 2438; x_wconf 89' lang='lat' dir='ltr'><strong>solitae</strong></span> <span class='ocrx_word' id='word_1_116' title='bbox 481 2390 528 2451; x_wconf 81' lang='lat' dir='ltr'><strong>opi</strong></span> <span class='ocrx_word' id='word_1_117' title='bbox 550 2389 695 2438; x_wconf 88' lang='lat' dir='ltr'><strong>Novembri</strong></span> <span class='ocrx_word' id='word_1_118' title='bbox 717 2406 750 2439; x_wconf 87' lang='lat' dir='ltr'><strong>ac</strong></span> <span class='ocrx_word' id='word_1_119' title='bbox 768 2391 910 2440; x_wconf 85' lang='lat' dir='ltr'><strong>Decembri</strong></span> 
     </span>
     <span class='ocr_line' id='line_1_21' title="bbox 299 2474 910 2524; baseline 0.005 -3"><span class='ocrx_word' id='word_1_120' title='bbox 299 2489 387 2523; x_wconf 77' lang='lat' dir='ltr'><strong>iriense</strong></span> <span class='ocrx_word' id='word_1_121' title='bbox 415 2489 458 2524; x_wconf 86' lang='lat' dir='ltr'><strong>res</strong></span> <span class='ocrx_word' id='word_1_122' title='bbox 484 2476 684 2524; x_wconf 82' lang='lat' dir='ltr'><strong>omitterentur.</strong></span> <span class='ocrx_word' id='word_1_123' title='bbox 720 2474 793 2524; x_wconf 85' lang='lat' dir='ltr'><strong>lianc</strong></span> <span class='ocrx_word' id='word_1_124' title='bbox 819 2480 910 2524; x_wconf 88' lang='lat' dir='ltr'><strong>autem</strong></span> 
     </span>
     <span class='ocr_line' id='line_1_22' title="bbox 296 2559 907 2609; baseline 0.002 -2"><span class='ocrx_word' id='word_1_125' title='bbox 296 2559 513 2608; x_wconf 89' lang='lat' dir='ltr'><strong>constitutionem</strong></span> <span class='ocrx_word' id='word_1_126' title='bbox 545 2573 597 2608; x_wconf 91' lang='lat' dir='ltr'><strong>non</strong></span> <span class='ocrx_word' id='word_1_127' title='bbox 629 2559 674 2607; x_wconf 91' lang='lat' dir='ltr'><strong>diu</strong></span> <span class='ocrx_word' id='word_1_128' title='bbox 707 2560 835 2608; x_wconf 87' lang='lat' dir='ltr'><strong>mansisse</strong></span> <span class='ocrx_word' id='word_1_129' title='bbox 864 2561 907 2609; x_wconf 94' lang='lat' dir='ltr'><strong>sed</strong></span> 
     </span>
     <span class='ocr_line' id='line_1_23' title="bbox 297 2642 910 2694; baseline 0.002 -2"><span class='ocrx_word' id='word_1_130' title='bbox 297 2648 359 2692; x_wconf 88' lang='lat' dir='ltr'><strong>ante</strong></span> <span class='ocrx_word' id='word_1_131' title='bbox 384 2642 525 2693; x_wconf 83' lang='lat' dir='ltr'><strong>Claudium</strong></span> <span class='ocrx_word' id='word_1_132' title='bbox 551 2659 641 2693; x_wconf 91' lang='lat' dir='ltr'><strong>rerum</strong></span> <span class='ocrx_word' id='word_1_133' title='bbox 666 2647 755 2692; x_wconf 87' lang='lat' dir='ltr'><strong>actum</strong></span> <span class='ocrx_word' id='word_1_134' title='bbox 779 2645 817 2693; x_wconf 83' lang='lat' dir='ltr'><strong>ita</strong></span> <span class='ocrx_word' id='word_1_135' title='bbox 839 2644 910 2694; x_wconf 92' lang='lat' dir='ltr'><strong>ordi-</strong></span> 
     </span>
     <span class='ocr_line' id='line_1_24' title="bbox 297 2729 909 2792; baseline 0.002 -15"><span class='ocrx_word' id='word_1_136' title='bbox 297 2734 391 2778; x_wconf 88' lang='lat' dir='ltr'><strong>natum</strong></span> <span class='ocrx_word' id='word_1_137' title='bbox 409 2730 504 2792; x_wconf 83' lang='lat' dir='ltr'><strong>luisse,</strong></span> <span class='ocrx_word' id='word_1_138' title='bbox 524 2735 555 2778; x_wconf 90' lang='lat' dir='ltr'><strong>ut</strong></span> <span class='ocrx_word' id='word_1_139' title='bbox 571 2729 653 2778; x_wconf 85' lang='lat' dir='ltr'><strong>feriae</strong></span> <span class='ocrx_word' id='word_1_140' title='bbox 670 2730 698 2778; x_wconf 90' lang='lat' dir='ltr'><strong>in</strong></span> <span class='ocrx_word' id='word_1_141' title='bbox 707 2744 753 2778; x_wconf 88' lang='lat' dir='ltr'><strong>ver</strong></span> <span class='ocrx_word' id='word_1_142' title='bbox 761 2735 789 2779; x_wconf 88' lang='lat' dir='ltr'><strong>et</strong></span> <span class='ocrx_word' id='word_1_143' title='bbox 799 2735 909 2778; x_wconf 87' lang='lat' dir='ltr'><strong>auturn-</strong></span> 
     </span>
     <span class='ocr_line' id='line_1_25' title="bbox 297 2814 909 2878; baseline 0.003 -17"><span class='ocrx_word' id='word_1_144' title='bbox 297 2829 362 2862; x_wconf 89' lang='lat' dir='ltr'><strong>num</strong></span> <span class='ocrx_word' id='word_1_145' title='bbox 391 2814 539 2862; x_wconf 85' lang='lat' dir='ltr'><strong>inciderent</strong></span> <span class='ocrx_word' id='word_1_146' title='bbox 567 2830 598 2863; x_wconf 84' lang='lat' dir='ltr'><strong>ex</strong></span> <span class='ocrx_word' id='word_1_147' title='bbox 626 2819 716 2863; x_wconf 86' lang='lat' dir='ltr'><strong>nostro</strong></span> <span class='ocrx_word' id='word_1_148' title='bbox 740 2816 795 2863; x_wconf 88' lang='lat' dir='ltr'><strong>loco</strong></span> <span class='ocrx_word' id='word_1_149' title='bbox 829 2819 909 2878; x_wconf 86' lang='lat' dir='ltr'><strong>patet.</strong></span> 
     </span>
     <span class='ocr_line' id='line_1_26' title="bbox 297 2896 908 2957; baseline 0.002 -11"><span class='ocrx_word' id='word_1_150' title='bbox 297 2898 353 2957; x_wconf 79' lang='lat' dir='ltr'><strong>Quo</strong></span> <span class='ocrx_word' id='word_1_151' title='bbox 377 2898 454 2947; x_wconf 91' lang='lat' dir='ltr'><strong>modo</strong></span> <span class='ocrx_word' id='word_1_152' title='bbox 476 2901 567 2946; x_wconf 89' lang='lat' dir='ltr'><strong>autem</strong></span> <span class='ocrx_word' id='word_1_153' title='bbox 586 2896 713 2948; x_wconf 81' lang='lat' dir='ltr'><strong>Claudius</strong></span> <span class='ocrx_word' id='word_1_154' title='bbox 730 2914 801 2948; x_wconf 89' lang='lat' dir='ltr'><strong>nunc</strong></span> <span class='ocrx_word' id='word_1_155' title='bbox 818 2914 908 2948; x_wconf 88' lang='lat' dir='ltr'><strong>rerum</strong></span> 
     </span>
     <span class='ocr_line' id='line_1_27' title="bbox 296 2983 907 3033; baseline 0.003 -3"><span class='ocrx_word' id='word_1_156' title='bbox 296 2988 385 3031; x_wconf 88' lang='lat' dir='ltr'><strong>actum</strong></span> <span class='ocrx_word' id='word_1_157' title='bbox 407 2983 550 3031; x_wconf 86' lang='lat' dir='ltr'><strong>mutaverit</strong></span> <span class='ocrx_word' id='word_1_158' title='bbox 567 2983 717 3032; x_wconf 86' lang='lat' dir='ltr'><strong>accuratius</strong></span> <span class='ocrx_word' id='word_1_159' title='bbox 734 2983 860 3033; x_wconf 83' lang='lat' dir='ltr'><strong>discimus</strong></span> <span class='ocrx_word' id='word_1_160' title='bbox 877 2999 907 3032; x_wconf 82' lang='lat' dir='ltr'><strong>er</strong></span> 
     </span>
     <span class='ocr_line' id='line_1_28' title="bbox 295 3065 908 3130; baseline 0.005 -16"><span class='ocrx_word' id='word_1_161' title='bbox 295 3065 368 3115; x_wconf 83' lang='lat' dir='ltr'><strong>Suet.</strong></span> <span class='ocrx_word' id='word_1_162' title='bbox 384 3065 458 3115; x_wconf 87' lang='lat' dir='ltr'><strong>Gaib.</strong></span> <span class='ocrx_word' id='word_1_163' title='bbox 472 3065 517 3115; x_wconf 79' lang='lat' dir='ltr'><strong>tl:</strong></span> <span class='ocrx_word' id='word_1_164' title='bbox 535 3066 691 3130; x_wconf 87' lang='lat' dir='ltr'><strong>Judicibus,</strong></span> <span class='ocrx_word' id='word_1_165' title='bbox 709 3074 816 3117; x_wconf 78' lang='lat' dir='ltr'><strong>sextam</strong></span> <span class='ocrx_word' id='word_1_166' title='bbox 828 3069 908 3117; x_wconf 87' lang='lat' dir='ltr'><strong>decu-</strong></span> 
     </span>
     <span class='ocr_line' id='line_1_29' title="bbox 295 3151 909 3215; baseline 0.005 -16"><span class='ocrx_word' id='word_1_167' title='bbox 295 3152 369 3200; x_wconf 86' lang='lat' dir='ltr'><strong>riam</strong></span> <span class='ocrx_word' id='word_1_168' title='bbox 402 3151 475 3199; x_wconf 84' lang='lat' dir='ltr'><strong>adici</strong></span> <span class='ocrx_word' id='word_1_169' title='bbox 506 3152 694 3215; x_wconf 77' lang='lat' dir='ltr'><strong>precantibus,</strong></span> <span class='ocrx_word' id='word_1_170' title='bbox 736 3167 792 3202; x_wconf 86' lang='lat' dir='ltr'><strong>uou</strong></span> <span class='ocrx_word' id='word_1_171' title='bbox 829 3154 909 3202; x_wconf 92' lang='lat' dir='ltr'><strong>modo</strong></span> 
     </span>
     <span class='ocr_line' id='line_1_30' title="bbox 294 3237 908 3300; baseline 0.005 -16"><span class='ocrx_word' id='word_1_172' title='bbox 294 3237 414 3300; x_wconf 80' lang='lat' dir='ltr'><strong>uepavit,</strong></span> <span class='ocrx_word' id='word_1_173' title='bbox 431 3237 477 3285; x_wconf 88' lang='lat' dir='ltr'><strong>sed</strong></span> <span class='ocrx_word' id='word_1_174' title='bbox 494 3238 579 3286; x_wconf 92' lang='lat' dir='ltr'><strong>etiam</strong></span> <span class='ocrx_word' id='word_1_175' title='bbox 597 3252 751 3287; x_wconf 79' lang='lat' dir='ltr'><strong>eoncessum</strong></span> <span class='ocrx_word' id='word_1_176' title='bbox 766 3253 783 3286; x_wconf 93' lang='lat' dir='ltr'><strong>a</strong></span> <span class='ocrx_word' id='word_1_177' title='bbox 795 3237 908 3287; x_wconf 86' lang='lat' dir='ltr'><strong>Claudio</strong></span> 
     </span>
     <span class='ocr_line' id='line_1_31' title="bbox 295 3315 908 3385; baseline 0.003 -15"><span class='ocrx_word' id='word_1_178' title='bbox 295 3315 468 3383; x_wconf 80' lang='lat' dir='ltr'><strong>beneficium,</strong></span> <span class='ocrx_word' id='word_1_179' title='bbox 485 3337 520 3371; x_wconf 90' lang='lat' dir='ltr'><strong>ue</strong></span> <span class='ocrx_word' id='word_1_180' title='bbox 537 3323 626 3371; x_wconf 82' lang='lat' dir='ltr'><strong>bieme</strong></span> <span class='ocrx_word' id='word_1_181' title='bbox 642 3322 776 3385; x_wconf 79' lang='lat' dir='ltr'><strong>initioque</strong></span> <span class='ocrx_word' id='word_1_182' title='bbox 792 3324 860 3372; x_wconf 85' lang='lat' dir='ltr'><strong>euni</strong></span> <span class='ocrx_word' id='word_1_183' title='bbox 872 3324 908 3372; x_wconf 92' lang='lat' dir='ltr'><strong>ad</strong></span> 
     </span>
     <span class='ocr_line' id='line_1_32' title="bbox 297 3406 908 3470; baseline 0.003 -16"><span class='ocrx_word' id='word_1_184' title='bbox 297 3406 475 3455; x_wconf 80' lang='lat' dir='ltr'><strong>iudicandum</strong></span> <span class='ocrx_word' id='word_1_185' title='bbox 489 3413 677 3469; x_wconf 82' lang='lat' dir='ltr'><strong>evocarentur,</strong></span> <span class='ocrx_word' id='word_1_186' title='bbox 693 3407 811 3470; x_wconf 88' lang='lat' dir='ltr'><strong>eripuit,</strong></span> <span class='ocrx_word' id='word_1_187' title='bbox 827 3422 841 3456; x_wconf 90' lang='lat' dir='ltr'><strong>e</strong></span> <span class='ocrx_word' id='word_1_188' title='bbox 855 3423 908 3470; x_wconf 92' lang='lat' dir='ltr'><strong>quo</strong></span> 
     </span>
     <span class='ocr_line' id='line_1_33' title="bbox 294 3490 907 3554; baseline 0.005 -16"><span class='ocrx_word' id='word_1_189' title='bbox 294 3492 350 3539; x_wconf 87' lang='lat' dir='ltr'><strong>loco</strong></span> <span class='ocrx_word' id='word_1_190' title='bbox 377 3490 554 3554; x_wconf 80' lang='lat' dir='ltr'><strong>colligendum</strong></span> <span class='ocrx_word' id='word_1_191' title='bbox 581 3490 680 3539; x_wconf 89' lang='lat' dir='ltr'><strong>iudices</strong></span> <span class='ocrx_word' id='word_1_192' title='bbox 706 3506 778 3540; x_wconf 89' lang='lat' dir='ltr'><strong>nunc</strong></span> <span class='ocrx_word' id='word_1_193' title='bbox 808 3506 824 3539; x_wconf 90' lang='lat' dir='ltr'><strong>a</strong></span> <span class='ocrx_word' id='word_1_194' title='bbox 847 3506 907 3541; x_wconf 90' lang='lat' dir='ltr'><strong>vere</strong></span> 
     </span>
     <span class='ocr_line' id='line_1_34' title="bbox 295 3573 907 3639; baseline 0.005 -16"><span class='ocrx_word' id='word_1_195' title='bbox 295 3575 429 3639; x_wconf 89' lang='lat' dir='ltr'><strong>usquead</strong></span> <span class='ocrx_word' id='word_1_196' title='bbox 454 3575 560 3625; x_wconf 90' lang='lat' dir='ltr'><strong>hiemen</strong></span> <span class='ocrx_word' id='word_1_197' title='bbox 584 3575 739 3625; x_wconf 86' lang='lat' dir='ltr'><strong>iudicavisse</strong></span> <span class='ocrx_word' id='word_1_198' title='bbox 759 3573 803 3636; x_wconf 85' lang='lat' dir='ltr'><strong>(of.</strong></span> <span class='ocrx_word' id='word_1_199' title='bbox 828 3576 907 3626; x_wconf 89' lang='lat' dir='ltr'><strong>Hart-</strong></span> 
     </span>
     <span class='ocr_line' id='line_1_35' title="bbox 294 3659 906 3725; baseline 0.002 -16"><span class='ocrx_word' id='word_1_200' title='bbox 294 3660 578 3725; x_wconf 83' lang='lat' dir='ltr'><strong>mann-Ubbelohde‚</strong></span> <span class='ocrx_word' id='word_1_201' title='bbox 610 3659 679 3710; x_wconf 91' lang='lat' dir='ltr'><strong>Ordo</strong></span> <span class='ocrx_word' id='word_1_202' title='bbox 708 3660 872 3711; x_wconf 83' lang='lat' dir='ltr'><strong>iudiciorum</strong></span> <span class='ocrx_word' id='word_1_203' title='bbox 895 3662 906 3710; x_wconf 95' lang='lat' dir='ltr'>I</span> 
     </span>
     <span class='ocr_line' id='line_1_36' title="bbox 293 3742 528 3806; baseline 0.004 -14"><span class='ocrx_word' id='word_1_204' title='bbox 293 3760 316 3806; x_wconf 95' lang='lat' dir='ltr'><strong>p.</strong></span> <span class='ocrx_word' id='word_1_205' title='bbox 336 3742 405 3805; x_wconf 80' lang='lat'>360).</span> <span class='ocrx_word' id='word_1_206' title='bbox 527 3745 528 3750; x_wconf 77' lang='grc'>’</span> 
     </span>
    </p>

    <p class='ocr_par' dir='ltr' id='par_1_7' title="bbox 290 3827 906 4910">
     <span class='ocr_line' id='line_1_37' title="bbox 325 3827 905 3892; baseline 0.003 -16"><span class='ocrx_word' id='word_1_207' title='bbox 325 3827 400 3877; x_wconf 90' lang='lat' dir='ltr'><strong>Iuris</strong></span> <span class='ocrx_word' id='word_1_208' title='bbox 426 3830 574 3879; x_wconf 83' lang='lat' dir='ltr'><strong>dictionem</strong></span> <span class='ocrx_word' id='word_1_209' title='bbox 598 3830 632 3878; x_wconf 90' lang='lat' dir='ltr'><strong>de</strong></span> <span class='ocrx_word' id='word_1_210' title='bbox 659 3829 724 3892; x_wconf 83' lang='lat' dir='ltr'><strong>fidei</strong></span> <span class='ocrx_word' id='word_1_211' title='bbox 746 3830 905 3878; x_wconf 81' lang='lat' dir='ltr'><strong>commissis,</strong></span> 
     </span>
     <span class='ocr_line' id='line_1_38' title="bbox 293 3911 905 3977; baseline 0.005 -16"><span class='ocrx_word' id='word_1_212' title='bbox 293 3912 364 3962; x_wconf 86' lang='lat' dir='ltr'><strong>Fidei</strong></span> <span class='ocrx_word' id='word_1_213' title='bbox 388 3914 528 3963; x_wconf 86' lang='lat' dir='ltr'><strong>commissa</strong></span> <span class='ocrx_word' id='word_1_214' title='bbox 545 3911 589 3976; x_wconf 84' lang='lat' dir='ltr'><strong>(cf.</strong></span> <span class='ocrx_word' id='word_1_215' title='bbox 608 3914 710 3977; x_wconf 86' lang='lat' dir='ltr'><strong>Ulpian.</strong></span> <span class='ocrx_word' id='word_1_216' title='bbox 729 3912 816 3976; x_wconf 87' lang='grc'>25,1.</span> <span class='ocrx_word' id='word_1_217' title='bbox 842 3915 905 3965; x_wconf 88' lang='lat' dir='ltr'><strong>Inst.</strong></span> 
     </span>
     <span class='ocr_line' id='line_1_39' title="bbox 292 3995 906 4062; baseline 0.007 -18"><span class='ocrx_word' id='word_1_218' title='bbox 292 3996 315 4044; x_wconf 87' lang='lat'><strong>11</strong></span> <span class='ocrx_word' id='word_1_219' title='bbox 333 3995 380 4060; x_wconf 89' lang='grc'><strong>23,</strong></span> <span class='ocrx_word' id='word_1_220' title='bbox 398 3995 433 4059; x_wconf 84' lang='grc'><strong>1)</strong></span> <span class='ocrx_word' id='word_1_221' title='bbox 451 4003 515 4047; x_wconf 87' lang='lat' dir='ltr'><strong>sunt</strong></span> <span class='ocrx_word' id='word_1_222' title='bbox 531 4013 575 4062; x_wconf 86' lang='lat' dir='ltr'><strong>ea,</strong></span> <span class='ocrx_word' id='word_1_223' title='bbox 599 4012 668 4062; x_wconf 88' lang='lat' dir='ltr'><strong>quae</strong></span> <span class='ocrx_word' id='word_1_224' title='bbox 686 4002 798 4047; x_wconf 89' lang='lat' dir='ltr'><strong>testator</strong></span> <span class='ocrx_word' id='word_1_225' title='bbox 816 3999 906 4048; x_wconf 90' lang='lat' dir='ltr'><strong>heredi</strong></span> 
     </span>
     <span class='ocr_line' id='line_1_40' title="bbox 292 4082 904 4148; baseline 0.008 -19"><span class='ocrx_word' id='word_1_226' title='bbox 292 4096 340 4130; x_wconf 91' lang='lat' dir='ltr'><strong>suo</strong></span> <span class='ocrx_word' id='word_1_227' title='bbox 364 4082 404 4130; x_wconf 92' lang='lat' dir='ltr'><strong>vel</strong></span> <span class='ocrx_word' id='word_1_228' title='bbox 425 4082 567 4131; x_wconf 90' lang='lat' dir='ltr'><strong>heredibus</strong></span> <span class='ocrx_word' id='word_1_229' title='bbox 584 4083 639 4132; x_wconf 88' lang='lat' dir='ltr'><strong>suis</strong></span> <span class='ocrx_word' id='word_1_230' title='bbox 657 4083 683 4132; x_wconf 91' lang='lat' dir='ltr'><strong>in</strong></span> <span class='ocrx_word' id='word_1_231' title='bbox 702 4084 775 4133; x_wconf 89' lang='lat' dir='ltr'><strong>tertii</strong></span> <span class='ocrx_word' id='word_1_232' title='bbox 792 4085 904 4148; x_wconf 79' lang='lat' dir='ltr'><strong>gratiam</strong></span> 
     </span>
     <span class='ocr_line' id='line_1_41' title="bbox 292 4166 906 4232; baseline 0.008 -18"><span class='ocrx_word' id='word_1_233' title='bbox 292 4166 409 4215; x_wconf 87' lang='lat' dir='ltr'><strong>mandat.</strong></span> <span class='ocrx_word' id='word_1_234' title='bbox 427 4167 538 4215; x_wconf 83' lang='lat' dir='ltr'><strong>Inventa</strong></span> <span class='ocrx_word' id='word_1_235' title='bbox 554 4173 643 4224; x_wconf 89' lang='lat' dir='ltr'><strong>erant,</strong></span> <span class='ocrx_word' id='word_1_236' title='bbox 663 4174 693 4218; x_wconf 91' lang='lat' dir='ltr'><strong>ut</strong></span> <span class='ocrx_word' id='word_1_237' title='bbox 710 4170 823 4232; x_wconf 88' lang='lat' dir='ltr'><strong>rigorem</strong></span> <span class='ocrx_word' id='word_1_238' title='bbox 840 4170 906 4219; x_wconf 80' lang='lat' dir='ltr'><strong>iuriS</strong></span> 
     </span>
     <span class='ocr_line' id='line_1_42' title="bbox 291 4251 905 4316; baseline 0.005 -17"><span class='ocrx_word' id='word_1_239' title='bbox 291 4251 376 4300; x_wconf 85' lang='lat' dir='ltr'><strong>civilis</strong></span> <span class='ocrx_word' id='word_1_240' title='bbox 407 4253 568 4315; x_wconf 81' lang='lat' dir='ltr'><strong>effugerent,</strong></span> <span class='ocrx_word' id='word_1_241' title='bbox 599 4252 684 4315; x_wconf 80' lang='lat' dir='ltr'><strong>iisque</strong></span> <span class='ocrx_word' id='word_1_242' title='bbox 717 4253 816 4316; x_wconf 89' lang='lat' dir='ltr'><strong>aliquid</strong></span> <span class='ocrx_word' id='word_1_243' title='bbox 843 4254 905 4303; x_wconf 88' lang='lat' dir='ltr'><strong>dare</strong></span> 
     </span>
     <span class='ocr_line' id='line_1_43' title="bbox 291 4335 905 4402; baseline 0.013 -20"><span class='ocrx_word' id='word_1_244' title='bbox 291 4339 409 4397; x_wconf 81' lang='lat' dir='ltr'><strong>possent,</strong></span> <span class='ocrx_word' id='word_1_245' title='bbox 428 4335 525 4398; x_wconf 89' lang='lat' dir='ltr'><strong>quibus</strong></span> <span class='ocrx_word' id='word_1_246' title='bbox 538 4352 584 4399; x_wconf 91' lang='lat' dir='ltr'><strong>per</strong></span> <span class='ocrx_word' id='word_1_247' title='bbox 597 4340 668 4402; x_wconf 82' lang='lat' dir='ltr'><strong>leges</strong></span> <span class='ocrx_word' id='word_1_248' title='bbox 681 4339 737 4387; x_wconf 87' lang='lat' dir='ltr'><strong>dari</strong></span> <span class='ocrx_word' id='word_1_249' title='bbox 749 4355 801 4389; x_wconf 90' lang='lat' dir='ltr'><strong>non</strong></span> <span class='ocrx_word' id='word_1_250' title='bbox 814 4341 905 4390; x_wconf 91' lang='lat' dir='ltr'><strong>liceret</strong></span> 
     </span>
     <span class='ocr_line' id='line_1_44' title="bbox 291 4417 905 4480; baseline 0.011 -13"><span class='ocrx_word' id='word_1_251' title='bbox 291 4417 334 4480; x_wconf 84' lang='lat' dir='ltr'><strong>(cl.</strong></span> <span class='ocrx_word' id='word_1_252' title='bbox 361 4418 442 4469; x_wconf 86' lang='lat' dir='ltr'><strong>Gaius</strong></span> <span class='ocrx_word' id='word_1_253' title='bbox 467 4421 491 4469; x_wconf 92' lang='lat' dir='ltr'><strong>Il</strong></span> <span class='ocrx_word' id='word_1_254' title='bbox 517 4419 581 4470; x_wconf 73' lang='lat'><strong>285:</strong></span> <span class='ocrx_word' id='word_1_255' title='bbox 607 4419 697 4471; x_wconf 80' lang='lat' dir='ltr'><strong>Erant</strong></span> <span class='ocrx_word' id='word_1_256' title='bbox 723 4423 807 4472; x_wconf 86' lang='lat' dir='ltr'><strong>etiam</strong></span> <span class='ocrx_word' id='word_1_257' title='bbox 833 4425 905 4474; x_wconf 89' lang='lat' dir='ltr'><strong>aliae</strong></span> 
     </span>
     <span class='ocr_line' id='line_1_45' title="bbox 290 4504 904 4571; baseline 0.008 -19"><span class='ocrx_word' id='word_1_258' title='bbox 290 4504 476 4568; x_wconf 80' lang='lat' dir='ltr'><strong>differentiae,</strong></span> <span class='ocrx_word' id='word_1_259' title='bbox 502 4521 571 4568; x_wconf 86' lang='lat' dir='ltr'><strong>quae</strong></span> <span class='ocrx_word' id='word_1_260' title='bbox 602 4523 674 4556; x_wconf 84' lang='lat' dir='ltr'><strong>uuae</strong></span> <span class='ocrx_word' id='word_1_261' title='bbox 699 4523 754 4556; x_wconf 82' lang='lat' dir='ltr'><strong>nort</strong></span> <span class='ocrx_word' id='word_1_262' title='bbox 771 4514 848 4571; x_wconf 85' lang='lat' dir='ltr'><strong>suut,</strong></span> <span class='ocrx_word' id='word_1_263' title='bbox 873 4515 904 4557; x_wconf 90' lang='lat' dir='ltr'><strong>ut</strong></span> 
     </span>
     <span class='ocr_line' id='line_1_46' title="bbox 290 4590 904 4655; baseline 0.01 -19"><span class='ocrx_word' id='word_1_264' title='bbox 290 4602 347 4637; x_wconf 88' lang='lat' dir='ltr'><strong>ecce</strong></span> <span class='ocrx_word' id='word_1_265' title='bbox 367 4590 510 4651; x_wconf 78' lang='lat' dir='ltr'><strong>pereprim&#39;</strong></span> <span class='ocrx_word' id='word_1_266' title='bbox 530 4597 658 4653; x_wconf 86' lang='lat' dir='ltr'><strong>poteraut</strong></span> <span class='ocrx_word' id='word_1_267' title='bbox 679 4592 743 4655; x_wconf 75' lang='lat' dir='ltr'><strong>fidei</strong></span> <span class='ocrx_word' id='word_1_268' title='bbox 760 4593 904 4642; x_wconf 86' lang='lat' dir='ltr'><strong>commissa</strong></span> 
     </span>
     <span class='ocr_line' id='line_1_47' title="bbox 290 4673 904 4740; baseline 0.008 -18"><span class='ocrx_word' id='word_1_269' title='bbox 290 4687 386 4734; x_wconf 86' lang='lat' dir='ltr'><strong>capere</strong></span> <span class='ocrx_word' id='word_1_270' title='bbox 418 4679 444 4723; x_wconf 90' lang='lat' dir='ltr'><strong>et</strong></span> <span class='ocrx_word' id='word_1_271' title='bbox 476 4673 534 4735; x_wconf 76' lang='lat' dir='ltr'><strong>sere</strong></span> <span class='ocrx_word' id='word_1_272' title='bbox 567 4676 631 4725; x_wconf 64' lang='lat' dir='ltr'><strong>llaec</strong></span> <span class='ocrx_word' id='word_1_273' title='bbox 656 4677 712 4738; x_wconf 80' lang='lat' dir='ltr'><strong>fuit</strong></span> <span class='ocrx_word' id='word_1_274' title='bbox 736 4677 812 4739; x_wconf 82' lang='lat' dir='ltr'><strong>oripo</strong></span> <span class='ocrx_word' id='word_1_275' title='bbox 840 4677 904 4740; x_wconf 81' lang='lat' dir='ltr'><strong>fidei</strong></span> 
     </span>
     <span class='ocr_line' id='line_1_48' title="bbox 290 4757 903 4825; baseline 0.005 -18"><span class='ocrx_word' id='word_1_276' title='bbox 290 4757 515 4820; x_wconf 82' lang='lat' dir='ltr'><strong>coutmissorum).</strong></span> <span class='ocrx_word' id='word_1_277' title='bbox 559 4761 627 4809; x_wconf 79' lang='lat' dir='ltr'><strong>Ante</strong></span> <span class='ocrx_word' id='word_1_278' title='bbox 661 4761 811 4825; x_wconf 80' lang='lat' dir='ltr'><strong>Augustum</strong></span> <span class='ocrx_word' id='word_1_279' title='bbox 843 4761 903 4811; x_wconf 83' lang='lat' dir='ltr'><strong>fidei</strong></span> 
     </span>
     <span class='ocr_line' id='line_1_49' title="bbox 290 4844 903 4910; baseline 0.005 -18"><span class='ocrx_word' id='word_1_280' title='bbox 290 4844 431 4894; x_wconf 83' lang='lat' dir='ltr'><strong>commissa</strong></span> <span class='ocrx_word' id='word_1_281' title='bbox 459 4844 549 4894; x_wconf 90' lang='lat' dir='ltr'><strong>omnia</strong></span> <span class='ocrx_word' id='word_1_282' title='bbox 579 4845 685 4896; x_wconf 85' lang='lat' dir='ltr'><strong>infirma</strong></span> <span class='ocrx_word' id='word_1_283' title='bbox 717 4850 807 4910; x_wconf 86' lang='lat' dir='ltr'><strong>erant,</strong></span> <span class='ocrx_word' id='word_1_284' title='bbox 840 4847 903 4910; x_wconf 88' lang='lat' dir='ltr'><strong>quia</strong></span> 
     </span>
    </p>
   </div>
   <div class='ocr_carea' id='block_1_4' title="bbox 957 1290 1585 4910">
    <p class='ocr_par' dir='ltr' id='par_1_8' title="bbox 966 1290 1585 1858">
     <span class='ocr_line' id='line_1_50' title="bbox 969 1290 1584 1354; baseline -0.002 -16"><span class='ocrx_word' id='word_1_285' title='bbox 969 1304 1047 1338; x_wconf 87' lang='lat' dir='ltr'><strong>nemo</strong></span> <span class='ocrx_word' id='word_1_286' title='bbox 1066 1290 1166 1339; x_wconf 88' lang='lat' dir='ltr'><strong>invitus</strong></span> <span class='ocrx_word' id='word_1_287' title='bbox 1183 1290 1327 1354; x_wconf 81' lang='lat' dir='ltr'><strong>cogebatur</strong></span> <span class='ocrx_word' id='word_1_288' title='bbox 1344 1294 1477 1352; x_wconf 86' lang='lat' dir='ltr'><strong>praestare</strong></span> <span class='ocrx_word' id='word_1_289' title='bbox 1494 1290 1533 1353; x_wconf 87' lang='lat' dir='ltr'><strong>id,</strong></span> <span class='ocrx_word' id='word_1_290' title='bbox 1552 1290 1584 1338; x_wconf 90' lang='lat' dir='ltr'><strong>de</strong></span> 
     </span>
     <span class='ocr_line' id='line_1_51' title="bbox 968 1372 1583 1440; baseline -0.005 -16"><span class='ocrx_word' id='word_1_291' title='bbox 968 1389 1021 1438; x_wconf 90' lang='lat' dir='ltr'><strong>quo</strong></span> <span class='ocrx_word' id='word_1_292' title='bbox 1047 1380 1156 1440; x_wconf 86' lang='lat' dir='ltr'><strong>rogatus</strong></span> <span class='ocrx_word' id='word_1_293' title='bbox 1179 1378 1249 1437; x_wconf 84' lang='lat' dir='ltr'><strong>erat,</strong></span> <span class='ocrx_word' id='word_1_294' title='bbox 1273 1374 1306 1422; x_wconf 86' lang='lat' dir='ltr'><strong>cf.</strong></span> <span class='ocrx_word' id='word_1_295' title='bbox 1325 1372 1377 1422; x_wconf 86' lang='lat' dir='ltr'><strong>cic.</strong></span> <span class='ocrx_word' id='word_1_296' title='bbox 1395 1373 1427 1422; x_wconf 90' lang='lat' dir='ltr'><strong>de</strong></span> <span class='ocrx_word' id='word_1_297' title='bbox 1445 1373 1501 1422; x_wconf 87' lang='lat' dir='ltr'><strong>Fin.</strong></span> <span class='ocrx_word' id='word_1_298' title='bbox 1520 1373 1583 1422; x_wconf 89' lang='lat' dir='ltr'><strong>Bon.</strong></span> 
     </span>
     <span class='ocr_line' id='line_1_52' title="bbox 967 1457 1584 1522; baseline -0.003 -14"><span class='ocrx_word' id='word_1_299' title='bbox 967 1457 1054 1522; x_wconf 91' lang='grc'>1117,</span> <span class='ocrx_word' id='word_1_300' title='bbox 1073 1458 1112 1508; x_wconf 87' lang='grc'><strong>55.</strong></span> <span class='ocrx_word' id='word_1_301' title='bbox 1131 1457 1178 1522; x_wconf 89' lang='grc'><strong>18,</strong></span> <span class='ocrx_word' id='word_1_302' title='bbox 1197 1457 1237 1507; x_wconf 88' lang='lat'><strong>58.</strong></span> <span class='ocrx_word' id='word_1_303' title='bbox 1256 1458 1294 1507; x_wconf 81' lang='lat' dir='ltr'><strong>Ab</strong></span> <span class='ocrx_word' id='word_1_304' title='bbox 1312 1458 1358 1506; x_wconf 89' lang='lat' dir='ltr'><strong>illo</strong></span> <span class='ocrx_word' id='word_1_305' title='bbox 1374 1462 1466 1507; x_wconf 88' lang='lat' dir='ltr'><strong>autem</strong></span> <span class='ocrx_word' id='word_1_306' title='bbox 1484 1473 1584 1507; x_wconf 87' lang='lat' dir='ltr'><strong>eonsu-</strong></span> 
     </span>
     <span class='ocr_line' id='line_1_53' title="bbox 967 1543 1583 1594; baseline -0.002 -1"><span class='ocrx_word' id='word_1_307' title='bbox 967 1546 1005 1594; x_wconf 90' lang='lat' dir='ltr'><strong>les</strong></span> <span class='ocrx_word' id='word_1_308' title='bbox 1029 1545 1093 1594; x_wconf 87' lang='lat' dir='ltr'><strong>iussi</strong></span> <span class='ocrx_word' id='word_1_309' title='bbox 1117 1549 1182 1593; x_wconf 89' lang='lat' dir='ltr'><strong>sunt</strong></span> <span class='ocrx_word' id='word_1_310' title='bbox 1199 1543 1385 1593; x_wconf 85' lang='lat' dir='ltr'><strong>auctoritatem</strong></span> <span class='ocrx_word' id='word_1_311' title='bbox 1402 1556 1479 1591; x_wconf 88' lang='lat' dir='ltr'><strong>suam</strong></span> <span class='ocrx_word' id='word_1_312' title='bbox 1498 1543 1583 1592; x_wconf 87' lang='lat' dir='ltr'><strong>inter-</strong></span> 
     </span>
     <span class='ocr_line' id='line_1_54' title="bbox 967 1627 1585 1692; baseline -0.002 -15"><span class='ocrx_word' id='word_1_313' title='bbox 967 1643 1074 1692; x_wconf 88' lang='lat' dir='ltr'><strong>ponere,</strong></span> <span class='ocrx_word' id='word_1_314' title='bbox 1102 1628 1173 1692; x_wconf 90' lang='lat' dir='ltr'><strong>quod</strong></span> <span class='ocrx_word' id='word_1_315' title='bbox 1200 1627 1338 1691; x_wconf 86' lang='lat' dir='ltr'><strong>paullatim</strong></span> <span class='ocrx_word' id='word_1_316' title='bbox 1361 1642 1518 1676; x_wconf 88' lang='lat' dir='ltr'><strong>conversum</strong></span> <span class='ocrx_word' id='word_1_317' title='bbox 1543 1633 1585 1677; x_wconf 90' lang='lat' dir='ltr'><strong>est</strong></span> 
     </span>
     <span class='ocr_line' id='line_1_55' title="bbox 966 1709 1583 1773; baseline 0 -11"><span class='ocrx_word' id='word_1_318' title='bbox 966 1714 993 1762; x_wconf 92' lang='lat' dir='ltr'><strong>in</strong></span> <span class='ocrx_word' id='word_1_319' title='bbox 1028 1713 1162 1762; x_wconf 89' lang='lat' dir='ltr'><strong>assiduam</strong></span> <span class='ocrx_word' id='word_1_320' title='bbox 1197 1711 1405 1761; x_wconf 89' lang='lat' dir='ltr'><strong>iurisdictionem</strong></span> <span class='ocrx_word' id='word_1_321' title='bbox 1440 1709 1484 1773; x_wconf 80' lang='lat' dir='ltr'><strong>(cf.</strong></span> <span class='ocrx_word' id='word_1_322' title='bbox 1517 1712 1583 1762; x_wconf 89' lang='lat' dir='ltr'><strong>Inst.</strong></span> 
     </span>
     <span class='ocr_line' id='line_1_56' title="bbox 967 1795 1105 1858; baseline 0 -12"><span class='ocrx_word' id='word_1_323' title='bbox 967 1798 990 1846; x_wconf 82' lang='lat'><strong>11</strong></span> <span class='ocrx_word' id='word_1_324' title='bbox 1007 1796 1053 1858; x_wconf 83' lang='grc'><strong>23,</strong></span> <span class='ocrx_word' id='word_1_325' title='bbox 1070 1795 1105 1856; x_wconf 88' lang='grc'><strong>1).</strong></span> 
     </span>
    </p>

    <p class='ocr_par' dir='ltr' id='par_1_9' title="bbox 959 1879 1584 4132">
     <span class='ocr_line' id='line_1_57' title="bbox 999 1879 1581 1944; baseline 0 -14"><span class='ocrx_word' id='word_1_326' title='bbox 999 1882 1213 1944; x_wconf 78' lang='lat' dir='ltr'><strong>rrmpistratibus.</strong></span> <span class='ocrx_word' id='word_1_327' title='bbox 1232 1896 1266 1930; x_wconf 83' lang='lat' dir='ltr'><strong>sc.</strong></span> <span class='ocrx_word' id='word_1_328' title='bbox 1281 1879 1441 1930; x_wconf 85' lang='lat' dir='ltr'><strong>consulibus.</strong></span> <span class='ocrx_word' id='word_1_329' title='bbox 1451 1879 1581 1930; x_wconf 80' lang='lat' dir='ltr'><strong>Claudius</strong></span> 
     </span>
     <span class='ocr_line' id='line_1_58' title="bbox 966 1965 1584 2028; baseline 0 -14"><span class='ocrx_word' id='word_1_330' title='bbox 966 1967 998 2014; x_wconf 93' lang='lat' dir='ltr'><strong>de</strong></span> <span class='ocrx_word' id='word_1_331' title='bbox 1016 1966 1065 2014; x_wconf 85' lang='lat' dir='ltr'><strong>hac</strong></span> <span class='ocrx_word' id='word_1_332' title='bbox 1082 1965 1262 2015; x_wconf 88' lang='lat' dir='ltr'><strong>iurisdictione</strong></span> <span class='ocrx_word' id='word_1_333' title='bbox 1279 1970 1363 2015; x_wconf 88' lang='lat' dir='ltr'><strong>certas</strong></span> <span class='ocrx_word' id='word_1_334' title='bbox 1381 1966 1486 2028; x_wconf 78' lang='lat' dir='ltr'><strong>regulas</strong></span> <span class='ocrx_word' id='word_1_335' title='bbox 1504 1965 1584 2014; x_wconf 82' lang='lat' dir='ltr'><strong>iusti·</strong></span> 
     </span>
     <span class='ocr_line' id='line_1_59' title="bbox 965 2049 1583 2114; baseline 0.002 -15"><span class='ocrx_word' id='word_1_336' title='bbox 965 2051 1026 2101; x_wconf 85' lang='lat' dir='ltr'><strong>tuit.</strong></span> <span class='ocrx_word' id='word_1_337' title='bbox 1058 2050 1156 2099; x_wconf 83' lang='lat' dir='ltr'><strong>Mansit</strong></span> <span class='ocrx_word' id='word_1_338' title='bbox 1181 2049 1326 2098; x_wconf 89' lang='lat' dir='ltr'><strong>iurisdictio</strong></span> <span class='ocrx_word' id='word_1_339' title='bbox 1351 2051 1507 2112; x_wconf 87' lang='lat' dir='ltr'><strong>consulum,</strong></span> <span class='ocrx_word' id='word_1_340' title='bbox 1535 2052 1583 2114; x_wconf 87' lang='lat' dir='ltr'><strong>qui</strong></span> 
     </span>
     <span class='ocr_line' id='line_1_60' title="bbox 965 2135 1584 2185; baseline 0 0"><span class='ocrx_word' id='word_1_341' title='bbox 965 2142 1055 2185; x_wconf 89' lang='lat' dir='ltr'><strong>tamen</strong></span> <span class='ocrx_word' id='word_1_342' title='bbox 1090 2135 1122 2183; x_wconf 92' lang='lat' dir='ltr'><strong>de</strong></span> <span class='ocrx_word' id='word_1_343' title='bbox 1157 2136 1300 2185; x_wconf 87' lang='lat' dir='ltr'><strong>maioribus</strong></span> <span class='ocrx_word' id='word_1_344' title='bbox 1329 2138 1436 2183; x_wconf 88' lang='lat' dir='ltr'><strong>tantum</strong></span> <span class='ocrx_word' id='word_1_345' title='bbox 1469 2136 1584 2185; x_wconf 89' lang='lat' dir='ltr'><strong>summis</strong></span> 
     </span>
     <span class='ocr_line' id='line_1_61' title="bbox 965 2217 1583 2284; baseline 0 -14"><span class='ocrx_word' id='word_1_346' title='bbox 965 2222 1149 2272; x_wconf 87' lang='lat' dir='ltr'><strong>decernebant.</strong></span> <span class='ocrx_word' id='word_1_347' title='bbox 1168 2220 1212 2283; x_wconf 85' lang='lat' dir='ltr'><strong>(cf.</strong></span> <span class='ocrx_word' id='word_1_348' title='bbox 1231 2220 1339 2279; x_wconf 83' lang='lat' dir='ltr'><strong>Quintil.</strong></span> <span class='ocrx_word' id='word_1_349' title='bbox 1358 2220 1376 2268; x_wconf 94' lang='lat' dir='ltr'><strong>l.</strong></span> <span class='ocrx_word' id='word_1_350' title='bbox 1396 2217 1425 2268; x_wconf 90' lang='grc' dir='ltr'><strong>Ο.</strong></span> <span class='ocrx_word' id='word_1_351' title='bbox 1439 2219 1517 2284; x_wconf 88' lang='grc'>1116,</span> <span class='ocrx_word' id='word_1_352' title='bbox 1537 2219 1583 2270; x_wconf 86' lang='lat'><strong>70:</strong></span> 
     </span>
     <span class='ocr_line' id='line_1_62' title="bbox 964 2305 1584 2368; baseline -0.002 -13"><span class='ocrx_word' id='word_1_353' title='bbox 964 2320 1019 2355; x_wconf 84' lang='lat' dir='ltr'><strong>uon</strong></span> <span class='ocrx_word' id='word_1_354' title='bbox 1043 2307 1119 2355; x_wconf 89' lang='lat' dir='ltr'><strong>debes</strong></span> <span class='ocrx_word' id='word_1_355' title='bbox 1142 2306 1217 2368; x_wconf 89' lang='lat' dir='ltr'><strong>apud</strong></span> <span class='ocrx_word' id='word_1_356' title='bbox 1235 2311 1391 2367; x_wconf 84' lang='lat' dir='ltr'><strong>praetorem</strong></span> <span class='ocrx_word' id='word_1_357' title='bbox 1409 2310 1499 2366; x_wconf 87' lang='lat' dir='ltr'><strong>petere</strong></span> <span class='ocrx_word' id='word_1_358' title='bbox 1517 2305 1584 2368; x_wconf 78' lang='lat' dir='ltr'><strong>fidei</strong></span> 
     </span>
     <span class='ocr_line' id='line_1_63' title="bbox 964 2389 1584 2452; baseline -0.002 -13"><span class='ocrx_word' id='word_1_359' title='bbox 964 2391 1139 2440; x_wconf 78' lang='lat' dir='ltr'><strong>coutraissum</strong></span> <span class='ocrx_word' id='word_1_360' title='bbox 1162 2390 1209 2439; x_wconf 88' lang='lat' dir='ltr'><strong>sed</strong></span> <span class='ocrx_word' id='word_1_361' title='bbox 1232 2389 1307 2452; x_wconf 85' lang='lat' dir='ltr'><strong>apud</strong></span> <span class='ocrx_word' id='word_1_362' title='bbox 1331 2389 1463 2451; x_wconf 78' lang='lat' dir='ltr'><strong>consules,</strong></span> <span class='ocrx_word' id='word_1_363' title='bbox 1490 2391 1584 2439; x_wconf 87' lang='lat' dir='ltr'><strong>maior</strong></span> 
     </span>
     <span class='ocr_line' id='line_1_64' title="bbox 964 2470 1582 2538; baseline -0.005 -13"><span class='ocrx_word' id='word_1_364' title='bbox 964 2476 1038 2526; x_wconf 85' lang='lat' dir='ltr'><strong>euim</strong></span> <span class='ocrx_word' id='word_1_365' title='bbox 1053 2477 1195 2538; x_wconf 85' lang='lat' dir='ltr'><strong>praetoria</strong></span> <span class='ocrx_word' id='word_1_366' title='bbox 1213 2474 1366 2535; x_wconf 73' lang='lat' dir='ltr'><strong>counitione</strong></span> <span class='ocrx_word' id='word_1_367' title='bbox 1383 2487 1426 2521; x_wconf 90' lang='lat' dir='ltr'><strong>res</strong></span> <span class='ocrx_word' id='word_1_368' title='bbox 1443 2479 1490 2521; x_wconf 88' lang='lat' dir='ltr'><strong>est.</strong></span> <span class='ocrx_word' id='word_1_369' title='bbox 1508 2470 1582 2533; x_wconf 82' lang='lat' dir='ltr'><strong>(Gel-</strong></span> 
     </span>
     <span class='ocr_line' id='line_1_65' title="bbox 964 2559 1582 2625; baseline -0.003 -15"><span class='ocrx_word' id='word_1_370' title='bbox 964 2560 1020 2623; x_wconf 89' lang='lat' dir='ltr'><strong>sus)</strong></span> <span class='ocrx_word' id='word_1_371' title='bbox 1038 2561 1094 2625; x_wconf 84' lang='lat' dir='ltr'><strong>Dig.</strong></span> <span class='ocrx_word' id='word_1_372' title='bbox 1112 2559 1159 2624; x_wconf 88' lang='grc'><strong>31,</strong></span> <span class='ocrx_word' id='word_1_373' title='bbox 1176 2559 1222 2623; x_wconf 79' lang='grc'><strong>29,</strong></span> <span class='ocrx_word' id='word_1_374' title='bbox 1241 2574 1290 2622; x_wconf 79' lang='lat' dir='ltr'><strong>pu:</strong></span> <span class='ocrx_word' id='word_1_375' title='bbox 1308 2560 1338 2607; x_wconf 86' lang='lat' dir='ltr'><strong>iu</strong></span> <span class='ocrx_word' id='word_1_376' title='bbox 1355 2559 1466 2608; x_wconf 84' lang='lat' dir='ltr'><strong>coasilio</strong></span> <span class='ocrx_word' id='word_1_377' title='bbox 1477 2559 1582 2608; x_wconf 84' lang='lat' dir='ltr'><strong>Duceni</strong></span> 
     </span>
     <span class='ocr_line' id='line_1_66' title="bbox 968 2644 1582 2707; baseline -0.003 -13"><span class='ocrx_word' id='word_1_378' title='bbox 968 2646 1030 2695; x_wconf 85' lang='lat' dir='ltr'><strong>Veri</strong></span> <span class='ocrx_word' id='word_1_379' title='bbox 1046 2646 1175 2707; x_wconf 85' lang='lat' dir='ltr'><strong>consulis,</strong></span> <span class='ocrx_word' id='word_1_380' title='bbox 1184 2671 1217 2679; x_wconf 93' lang='lat'>—</span> <span class='ocrx_word' id='word_1_381' title='bbox 1227 2645 1297 2693; x_wconf 89' lang='lat' dir='ltr'><strong>itum</strong></span> <span class='ocrx_word' id='word_1_382' title='bbox 1315 2644 1345 2692; x_wconf 87' lang='lat' dir='ltr'><strong>iu</strong></span> <span class='ocrx_word' id='word_1_383' title='bbox 1357 2644 1535 2706; x_wconf 86' lang='lat' dir='ltr'><strong>senteutiam,</strong></span> <span class='ocrx_word' id='word_1_384' title='bbox 1549 2670 1582 2677; x_wconf 97' lang='lat'><strong>—</strong></span> 
     </span>
     <span class='ocr_line' id='line_1_67' title="bbox 964 2729 1583 2793; baseline -0.002 -15"><span class='ocrx_word' id='word_1_385' title='bbox 964 2736 1008 2793; x_wconf 87' lang='lat' dir='ltr'><strong>ut,</strong></span> <span class='ocrx_word' id='word_1_386' title='bbox 1018 2745 1080 2778; x_wconf 82' lang='lat' dir='ltr'><strong>aaut</strong></span> <span class='ocrx_word' id='word_1_387' title='bbox 1089 2755 1122 2763; x_wconf 96' lang='lat'>-</span> <span class='ocrx_word' id='word_1_388' title='bbox 1131 2730 1247 2779; x_wconf 86' lang='lat' dir='ltr'><strong>dueeutu</strong></span> <span class='ocrx_word' id='word_1_389' title='bbox 1256 2729 1384 2790; x_wconf 80' lang='lat' dir='ltr'><strong>lepasset,</strong></span> <span class='ocrx_word' id='word_1_390' title='bbox 1394 2752 1426 2767; x_wconf 84' lang='lat'><strong>-—</strong></span> <span class='ocrx_word' id='word_1_391' title='bbox 1440 2735 1583 2790; x_wconf 81' lang='lat' dir='ltr'><strong>caperetur</strong></span> 
     </span>
     <span class='ocr_line' id='line_1_68' title="bbox 965 2812 1580 2878; baseline 0 -15"><span class='ocrx_word' id='word_1_392' title='bbox 965 2815 1024 2878; x_wconf 80' lang='lat' dir='ltr'><strong>filia</strong></span> <span class='ocrx_word' id='word_1_393' title='bbox 1036 2815 1066 2863; x_wconf 91' lang='lat' dir='ltr'><strong>id</strong></span> <span class='ocrx_word' id='word_1_394' title='bbox 1080 2814 1144 2877; x_wconf 79' lang='lat' dir='ltr'><strong>fidei</strong></span> <span class='ocrx_word' id='word_1_395' title='bbox 1156 2813 1332 2863; x_wconf 86' lang='lat' dir='ltr'><strong>commissum</strong></span> <span class='ocrx_word' id='word_1_396' title='bbox 1340 2837 1374 2845; x_wconf 96' lang='lat'>—</span> <span class='ocrx_word' id='word_1_397' title='bbox 1383 2812 1504 2861; x_wconf 86' lang='lat' dir='ltr'><strong>reddere.</strong></span> <span class='ocrx_word' id='word_1_398' title='bbox 1521 2812 1580 2875; x_wconf 90' lang='lat' dir='ltr'><strong>Ulp.</strong></span> 
     </span>
     <span class='ocr_line' id='line_1_69' title="bbox 963 2895 1581 2963; baseline 0.002 -16"><span class='ocrx_word' id='word_1_399' title='bbox 963 2899 1010 2963; x_wconf 88' lang='grc'><strong>25,</strong></span> <span class='ocrx_word' id='word_1_400' title='bbox 1033 2898 1074 2948; x_wconf 88' lang='grc'><strong>12.</strong></span> <span class='ocrx_word' id='word_1_401' title='bbox 1092 2897 1173 2948; x_wconf 87' lang='lat' dir='ltr'><strong>Gaius</strong></span> <span class='ocrx_word' id='word_1_402' title='bbox 1191 2899 1214 2947; x_wconf 93' lang='lat' dir='ltr'><strong>II</strong></span> <span class='ocrx_word' id='word_1_403' title='bbox 1232 2896 1289 2947; x_wconf 84' lang='grc'>278.</span> <span class='ocrx_word' id='word_1_404' title='bbox 1307 2897 1364 2960; x_wconf 81' lang='lat' dir='ltr'><strong>Dig.</strong></span> <span class='ocrx_word' id='word_1_405' title='bbox 1383 2898 1393 2946; x_wconf 93' lang='lat'><em>1</em></span> <span class='ocrx_word' id='word_1_406' title='bbox 1411 2895 1458 2960; x_wconf 90' lang='grc'><strong>18,</strong></span> <span class='ocrx_word' id='word_1_407' title='bbox 1477 2895 1517 2947; x_wconf 87' lang='grc'><strong>10.</strong></span> <span class='ocrx_word' id='word_1_408' title='bbox 1543 2899 1581 2948; x_wconf 87' lang='lat' dir='ltr'><strong>De</strong></span> 
     </span>
     <span class='ocr_line' id='line_1_70' title="bbox 964 2982 1581 3033; baseline 0 -1"><span class='ocrx_word' id='word_1_409' title='bbox 964 2984 1110 3033; x_wconf 89' lang='lat' dir='ltr'><strong>minoribus</strong></span> <span class='ocrx_word' id='word_1_410' title='bbox 1140 2983 1254 3032; x_wconf 90' lang='lat' dir='ltr'><strong>summis</strong></span> <span class='ocrx_word' id='word_1_411' title='bbox 1279 2982 1406 3032; x_wconf 77' lang='lat' dir='ltr'><strong>Claudius</strong></span> <span class='ocrx_word' id='word_1_412' title='bbox 1435 2982 1581 3032; x_wconf 86' lang='lat' dir='ltr'><strong>iurisdicti-</strong></span> 
     </span>
     <span class='ocr_line' id='line_1_71' title="bbox 963 3067 1581 3130; baseline 0 -13"><span class='ocrx_word' id='word_1_413' title='bbox 963 3083 1040 3117; x_wconf 87' lang='lat' dir='ltr'><strong>onem</strong></span> <span class='ocrx_word' id='word_1_414' title='bbox 1059 3067 1131 3116; x_wconf 90' lang='lat' dir='ltr'><strong>dedit</strong></span> <span class='ocrx_word' id='word_1_415' title='bbox 1150 3067 1252 3117; x_wconf 89' lang='lat' dir='ltr'><strong>duobus</strong></span> <span class='ocrx_word' id='word_1_416' title='bbox 1271 3067 1450 3130; x_wconf 81' lang='lat' dir='ltr'><strong>praetoribus,</strong></span> <span class='ocrx_word' id='word_1_417' title='bbox 1468 3082 1535 3130; x_wconf 87' lang='lat' dir='ltr'><strong>quos</strong></span> <span class='ocrx_word' id='word_1_418' title='bbox 1547 3068 1581 3117; x_wconf 88' lang='lat' dir='ltr'><strong>ob</strong></span> 
     </span>
     <span class='ocr_line' id='line_1_72' title="bbox 962 3153 1580 3216; baseline 0 -14"><span class='ocrx_word' id='word_1_419' title='bbox 962 3154 988 3202; x_wconf 90' lang='lat' dir='ltr'><strong>id</strong></span> <span class='ocrx_word' id='word_1_420' title='bbox 1013 3168 1124 3202; x_wconf 89' lang='lat' dir='ltr'><strong>numero</strong></span> <span class='ocrx_word' id='word_1_421' title='bbox 1148 3157 1299 3216; x_wconf 89' lang='lat' dir='ltr'><strong>praetorum</strong></span> <span class='ocrx_word' id='word_1_422' title='bbox 1318 3153 1425 3215; x_wconf 86' lang='lat' dir='ltr'><strong>adiecit,</strong></span> <span class='ocrx_word' id='word_1_423' title='bbox 1449 3153 1480 3201; x_wconf 85' lang='lat' dir='ltr'><strong>cf.</strong></span> <span class='ocrx_word' id='word_1_424' title='bbox 1500 3153 1580 3202; x_wconf 90' lang='lat' dir='ltr'><strong>Pom-</strong></span> 
     </span>
     <span class='ocr_line' id='line_1_73' title="bbox 963 3236 1581 3301; baseline 0.003 -15"><span class='ocrx_word' id='word_1_425' title='bbox 963 3238 1056 3300; x_wconf 90' lang='lat' dir='ltr'><strong>ponius</strong></span> <span class='ocrx_word' id='word_1_426' title='bbox 1082 3237 1139 3301; x_wconf 84' lang='lat' dir='ltr'><strong>Dig.</strong></span> <span class='ocrx_word' id='word_1_427' title='bbox 1165 3239 1176 3286; x_wconf 96' lang='lat' dir='ltr'>l</span> <span class='ocrx_word' id='word_1_428' title='bbox 1203 3237 1233 3298; x_wconf 88' lang='grc'><strong>2,</strong></span> <span class='ocrx_word' id='word_1_429' title='bbox 1260 3237 1289 3300; x_wconf 92' lang='grc'><strong>2,</strong></span> <span class='ocrx_word' id='word_1_430' title='bbox 1316 3236 1362 3286; x_wconf 85' lang='grc'><strong>32;</strong></span> <span class='ocrx_word' id='word_1_431' title='bbox 1393 3244 1455 3299; x_wconf 88' lang='lat' dir='ltr'><strong>post</strong></span> <span class='ocrx_word' id='word_1_432' title='bbox 1481 3237 1581 3288; x_wconf 83' lang='lat' dir='ltr'><strong>deiude</strong></span> 
     </span>
     <span class='ocr_line' id='line_1_74' title="bbox 961 3319 1579 3386; baseline 0.003 -17"><span class='ocrx_word' id='word_1_433' title='bbox 961 3323 1039 3370; x_wconf 85' lang='lat' dir='ltr'><strong>diuus</strong></span> <span class='ocrx_word' id='word_1_434' title='bbox 1067 3319 1197 3369; x_wconf 87' lang='lat' dir='ltr'><strong>Claudius</strong></span> <span class='ocrx_word' id='word_1_435' title='bbox 1223 3321 1290 3370; x_wconf 91' lang='lat' dir='ltr'><strong>duos</strong></span> <span class='ocrx_word' id='word_1_436' title='bbox 1310 3328 1449 3384; x_wconf 85' lang='lat' dir='ltr'><strong>praetores</strong></span> <span class='ocrx_word' id='word_1_437' title='bbox 1466 3322 1579 3386; x_wconf 86' lang='lat' dir='ltr'><strong>adiecit,</strong></span> 
     </span>
     <span class='ocr_line' id='line_1_75' title="bbox 962 3405 1579 3471; baseline 0.003 -17"><span class='ocrx_word' id='word_1_438' title='bbox 962 3407 1011 3468; x_wconf 82' lang='lat' dir='ltr'><strong>qui</strong></span> <span class='ocrx_word' id='word_1_439' title='bbox 1042 3406 1075 3454; x_wconf 89' lang='lat' dir='ltr'><strong>de</strong></span> <span class='ocrx_word' id='word_1_440' title='bbox 1106 3405 1170 3468; x_wconf 79' lang='lat' dir='ltr'><strong>fidei</strong></span> <span class='ocrx_word' id='word_1_441' title='bbox 1197 3407 1349 3455; x_wconf 79' lang='lat' dir='ltr'><strong>eburneissis</strong></span> <span class='ocrx_word' id='word_1_442' title='bbox 1375 3408 1417 3455; x_wconf 89' lang='lat' dir='ltr'><strong>ius</strong></span> <span class='ocrx_word' id='word_1_443' title='bbox 1443 3408 1579 3471; x_wconf 82' lang='lat' dir='ltr'><strong>dicerent,</strong></span> 
     </span>
     <span class='ocr_line' id='line_1_76' title="bbox 961 3490 1579 3553; baseline 0.002 -13"><span class='ocrx_word' id='word_1_444' title='bbox 961 3506 995 3540; x_wconf 75' lang='lat' dir='ltr'><strong>em</strong></span> <span class='ocrx_word' id='word_1_445' title='bbox 1018 3490 1115 3553; x_wconf 81' lang='lat' dir='ltr'><strong>quibus</strong></span> <span class='ocrx_word' id='word_1_446' title='bbox 1139 3505 1227 3540; x_wconf 85' lang='lat' dir='ltr'><strong>uuum</strong></span> <span class='ocrx_word' id='word_1_447' title='bbox 1250 3491 1328 3539; x_wconf 87' lang='lat' dir='ltr'><strong>divus</strong></span> <span class='ocrx_word' id='word_1_448' title='bbox 1354 3490 1428 3539; x_wconf 84' lang='lat' dir='ltr'><strong>Titus</strong></span> <span class='ocrx_word' id='word_1_449' title='bbox 1450 3492 1579 3542; x_wconf 80' lang='lat' dir='ltr'><strong>delraait.</strong></span> 
     </span>
     <span class='ocr_line' id='line_1_77' title="bbox 962 3575 1579 3640; baseline 0.003 -16"><span class='ocrx_word' id='word_1_450' title='bbox 962 3576 1018 3624; x_wconf 91' lang='lat' dir='ltr'><strong>Huc</strong></span> <span class='ocrx_word' id='word_1_451' title='bbox 1048 3590 1155 3638; x_wconf 89' lang='lat' dir='ltr'><strong>quoque</strong></span> <span class='ocrx_word' id='word_1_452' title='bbox 1180 3579 1298 3638; x_wconf 90' lang='lat' dir='ltr'><strong>spectare</strong></span> <span class='ocrx_word' id='word_1_453' title='bbox 1324 3575 1429 3624; x_wconf 89' lang='lat' dir='ltr'><strong>videtur</strong></span> <span class='ocrx_word' id='word_1_454' title='bbox 1456 3576 1504 3625; x_wconf 90' lang='lat' dir='ltr'><strong>Dio</strong></span> <span class='ocrx_word' id='word_1_455' title='bbox 1529 3575 1579 3640; x_wconf 85' lang='lat'><strong>60,</strong></span> 
     </span>
     <span class='ocr_line' id='line_1_78' title="bbox 960 3654 1579 3725; baseline 0 -16"><span class='ocrx_word' id='word_1_456' title='bbox 960 3659 1007 3723; x_wconf 77' lang='grc'><strong>24,</strong></span> <span class='ocrx_word' id='word_1_457' title='bbox 1025 3658 1054 3708; x_wconf 87' lang='lat'><strong>3:</strong></span> <span class='ocrx_word' id='word_1_458' title='bbox 1073 3664 1126 3714; x_wconf 85' lang='grc' dir='ltr'><em>τοῖς</em></span> <span class='ocrx_word' id='word_1_459' title='bbox 1144 3654 1173 3708; x_wconf 84' lang='grc' dir='ltr'><strong>δὲ</strong></span> <span class='ocrx_word' id='word_1_460' title='bbox 1190 3655 1224 3725; x_wconf 82' lang='grc' dir='ltr'><strong>δὴ</strong></span> <span class='ocrx_word' id='word_1_461' title='bbox 1237 3664 1389 3724; x_wconf 79' lang='grc' dir='ltr'><em>στρατηγοῖς</em></span> <span class='ocrx_word' id='word_1_462' title='bbox 1402 3656 1479 3713; x_wconf 81' lang='grc' dir='ltr'><strong><em>δίκας</em></strong></span> <span class='ocrx_word' id='word_1_463' title='bbox 1493 3654 1579 3721; x_wconf 83' lang='grc' dir='ltr'><strong>τινὰς,</strong></span> 
     </span>
     <span class='ocr_line' id='line_1_79' title="bbox 961 3741 1578 3808; baseline 0.003 -16"><span class='ocrx_word' id='word_1_464' title='bbox 961 3742 992 3798; x_wconf 83' lang='grc' dir='ltr'><strong>ἃς</strong></span> <span class='ocrx_word' id='word_1_465' title='bbox 1017 3742 1145 3808; x_wconf 84' lang='grc' dir='ltr'><strong>πρότεροι·</strong></span> <span class='ocrx_word' id='word_1_466' title='bbox 1170 3742 1198 3792; x_wconf 82' lang='grc' dir='ltr'><strong>οἱ</strong></span> <span class='ocrx_word' id='word_1_467' title='bbox 1221 3741 1314 3792; x_wconf 80' lang='grc' dir='ltr'><strong>ὕπατοι</strong></span> <span class='ocrx_word' id='word_1_468' title='bbox 1340 3741 1491 3801; x_wconf 79' lang='grc' dir='ltr'><strong>διεδίκαζον</strong></span> <span class='ocrx_word' id='word_1_469' title='bbox 1516 3741 1578 3794; x_wconf 80' lang='grc' dir='ltr'><em>ἀντ-</em></span> 
     </span>
     <span class='ocr_line' id='line_1_80' title="bbox 960 3827 1579 3892; baseline 0.005 -15"><span class='ocrx_word' id='word_1_470' title='bbox 960 3827 1116 3892; x_wconf 83' lang='grc' dir='ltr'><strong>ενεχείρισε,</strong></span> <span class='ocrx_word' id='word_1_471' title='bbox 1142 3845 1194 3892; x_wconf 90' lang='lat' dir='ltr'><strong>quo</strong></span> <span class='ocrx_word' id='word_1_472' title='bbox 1218 3829 1273 3878; x_wconf 89' lang='lat' dir='ltr'><strong>loco</strong></span> <span class='ocrx_word' id='word_1_473' title='bbox 1295 3829 1328 3877; x_wconf 89' lang='lat' dir='ltr'><strong>de</strong></span> <span class='ocrx_word' id='word_1_474' title='bbox 1346 3829 1527 3878; x_wconf 87' lang='lat' dir='ltr'><strong>iurisdictione</strong></span> <span class='ocrx_word' id='word_1_475' title='bbox 1546 3831 1579 3881; x_wconf 90' lang='lat' dir='ltr'><strong>de</strong></span> 
     </span>
     <span class='ocr_line' id='line_1_81' title="bbox 961 3913 1579 3965; baseline 0.003 -2"><span class='ocrx_word' id='word_1_476' title='bbox 961 3914 1108 3963; x_wconf 90' lang='lat' dir='ltr'><strong>minoribus</strong></span> <span class='ocrx_word' id='word_1_477' title='bbox 1126 3913 1187 3962; x_wconf 83' lang='lat' dir='ltr'><strong>fidei</strong></span> <span class='ocrx_word' id='word_1_478' title='bbox 1198 3913 1345 3963; x_wconf 89' lang='lat' dir='ltr'><strong>commissis</strong></span> <span class='ocrx_word' id='word_1_479' title='bbox 1355 3928 1507 3963; x_wconf 89' lang='lat' dir='ltr'><strong>sermonem</strong></span> <span class='ocrx_word' id='word_1_480' title='bbox 1519 3930 1579 3965; x_wconf 89' lang='lat' dir='ltr'><strong>esse</strong></span> 
     </span>
     <span class='ocr_line' id='line_1_82' title="bbox 959 3997 1580 4062; baseline 0.005 -13"><span class='ocrx_word' id='word_1_481' title='bbox 959 3999 1080 4049; x_wconf 86' lang='lat' dir='ltr'><strong>credunt.</strong></span> <span class='ocrx_word' id='word_1_482' title='bbox 1105 3999 1180 4057; x_wconf 85' lang='lat' dir='ltr'><strong>Quod</strong></span> <span class='ocrx_word' id='word_1_483' title='bbox 1197 3998 1219 4047; x_wconf 93' lang='lat' dir='ltr'><strong>si</strong></span> <span class='ocrx_word' id='word_1_484' title='bbox 1237 4002 1321 4060; x_wconf 89' lang='lat' dir='ltr'><strong>recte,</strong></span> <span class='ocrx_word' id='word_1_485' title='bbox 1345 4013 1368 4048; x_wconf 88' lang='lat' dir='ltr'><strong>a.</strong></span> <span class='ocrx_word' id='word_1_486' title='bbox 1394 3997 1488 4062; x_wconf 69' lang='grc'>797114</span> <span class='ocrx_word' id='word_1_487' title='bbox 1513 4001 1580 4052; x_wconf 90' lang='lat' dir='ltr'><strong>haec</strong></span> 
     </span>
     <span class='ocr_line' id='line_1_83' title="bbox 959 4084 1172 4132; baseline -0.005 0"><span class='ocrx_word' id='word_1_488' title='bbox 959 4084 1084 4132; x_wconf 87' lang='lat' dir='ltr'><strong>instituta</strong></span> <span class='ocrx_word' id='word_1_489' title='bbox 1101 4088 1172 4132; x_wconf 93' lang='lat' dir='ltr'><strong>sunt.</strong></span> 
     </span>
    </p>

    <p class='ocr_par' dir='ltr' id='par_1_10' title="bbox 957 4168 1579 4910">
     <span class='ocr_line' id='line_1_84' title="bbox 991 4168 1578 4231; baseline 0.003 -15"><span class='ocrx_word' id='word_1_490' title='bbox 991 4182 1041 4229; x_wconf 91' lang='lat' dir='ltr'><strong>per</strong></span> <span class='ocrx_word' id='word_1_491' title='bbox 1056 4168 1212 4230; x_wconf 85' lang='lat' dir='ltr'><strong>provincias</strong></span> <span class='ocrx_word' id='word_1_492' title='bbox 1227 4168 1407 4229; x_wconf 82' lang='lat' dir='ltr'><strong>potestatibus</strong></span> <span class='ocrx_word' id='word_1_493' title='bbox 1426 4168 1441 4217; x_wconf 91' lang='lat' dir='ltr'><strong>i.</strong></span> <span class='ocrx_word' id='word_1_494' title='bbox 1459 4183 1481 4216; x_wconf 91' lang='grc' dir='ltr'><strong>ε.</strong></span> <span class='ocrx_word' id='word_1_495' title='bbox 1499 4184 1578 4231; x_wconf 89' lang='lat' dir='ltr'><strong>prae-</strong></span> 
     </span>
     <span class='ocr_line' id='line_1_85' title="bbox 959 4251 1578 4315; baseline 0.003 -15"><span class='ocrx_word' id='word_1_496' title='bbox 959 4252 1058 4301; x_wconf 90' lang='lat' dir='ltr'><strong>sidibus</strong></span> <span class='ocrx_word' id='word_1_497' title='bbox 1082 4251 1291 4315; x_wconf 87' lang='lat' dir='ltr'><strong>provinciarum,</strong></span> <span class='ocrx_word' id='word_1_498' title='bbox 1318 4252 1349 4300; x_wconf 86' lang='lat' dir='ltr'><strong>cf.</strong></span> <span class='ocrx_word' id='word_1_499' title='bbox 1376 4252 1433 4314; x_wconf 91' lang='lat' dir='ltr'><strong>Ulp.</strong></span> <span class='ocrx_word' id='word_1_500' title='bbox 1457 4251 1506 4315; x_wconf 87' lang='grc'><strong>25,</strong></span> <span class='ocrx_word' id='word_1_501' title='bbox 1529 4251 1578 4303; x_wconf 76' lang='lat' dir='ltr'><strong>ta:</strong></span> 
     </span>
     <span class='ocr_line' id='line_1_86' title="bbox 960 4334 1579 4399; baseline 0.006 -14"><span class='ocrx_word' id='word_1_502' title='bbox 960 4337 1083 4399; x_wconf 81' lang='lat' dir='ltr'><strong>Copuitio</strong></span> <span class='ocrx_word' id='word_1_503' title='bbox 1099 4335 1175 4399; x_wconf 77' lang='lat' dir='ltr'><strong>(fidei</strong></span> <span class='ocrx_word' id='word_1_504' title='bbox 1194 4334 1413 4398; x_wconf 78' lang='lat' dir='ltr'><strong>conimissorum)</strong></span> <span class='ocrx_word' id='word_1_505' title='bbox 1426 4337 1579 4389; x_wconf 83' lang='lat' dir='ltr'><strong>estliomae</strong></span> 
     </span>
     <span class='ocr_line' id='line_1_87' title="bbox 958 4421 1578 4486; baseline 0.006 -16"><span class='ocrx_word' id='word_1_506' title='bbox 958 4422 1071 4483; x_wconf 79' lang='lat' dir='ltr'><strong>qrtidem</strong></span> <span class='ocrx_word' id='word_1_507' title='bbox 1103 4423 1246 4470; x_wconf 85' lang='lat' dir='ltr'><strong>consulum</strong></span> <span class='ocrx_word' id='word_1_508' title='bbox 1272 4427 1321 4469; x_wconf 89' lang='lat' dir='ltr'><strong>aut</strong></span> <span class='ocrx_word' id='word_1_509' title='bbox 1344 4421 1494 4485; x_wconf 83' lang='lat' dir='ltr'><strong>praetoris,</strong></span> <span class='ocrx_word' id='word_1_510' title='bbox 1527 4427 1578 4486; x_wconf 83' lang='lat' dir='ltr'><strong>qui</strong></span> 
     </span>
     <span class='ocr_line' id='line_1_88' title="bbox 958 4503 1578 4569; baseline 0.005 -14"><span class='ocrx_word' id='word_1_511' title='bbox 958 4507 1023 4569; x_wconf 80' lang='lat' dir='ltr'><strong>fidel</strong></span> <span class='ocrx_word' id='word_1_512' title='bbox 1038 4503 1268 4567; x_wconf 79' lang='lat' dir='ltr'><strong>commiss[arius]</strong></span> <span class='ocrx_word' id='word_1_513' title='bbox 1282 4512 1403 4569; x_wconf 86' lang='lat' dir='ltr'><strong>vocatur,</strong></span> <span class='ocrx_word' id='word_1_514' title='bbox 1422 4507 1452 4555; x_wconf 84' lang='lat' dir='ltr'><strong>iu</strong></span> <span class='ocrx_word' id='word_1_515' title='bbox 1461 4510 1578 4569; x_wconf 84' lang='lat' dir='ltr'><strong>provin·</strong></span> 
     </span>
     <span class='ocr_line' id='line_1_89' title="bbox 957 4593 1577 4655; baseline 0.005 -15"><span class='ocrx_word' id='word_1_516' title='bbox 957 4594 1007 4640; x_wconf 88' lang='lat' dir='ltr'><strong>ciis</strong></span> <span class='ocrx_word' id='word_1_517' title='bbox 1050 4607 1111 4641; x_wconf 83' lang='lat' dir='ltr'><strong>uero</strong></span> <span class='ocrx_word' id='word_1_518' title='bbox 1153 4593 1318 4655; x_wconf 85' lang='lat' dir='ltr'><strong>praesidum</strong></span> <span class='ocrx_word' id='word_1_519' title='bbox 1358 4594 1577 4654; x_wconf 80' lang='lat' dir='ltr'><strong>prouinciarum.</strong></span> 
     </span>
     <span class='ocr_line' id='line_1_90' title="bbox 957 4674 1576 4739; baseline 0.003 -14"><span class='ocrx_word' id='word_1_520' title='bbox 957 4675 1039 4725; x_wconf 79' lang='lat' dir='ltr'><strong>Gaius</strong></span> <span class='ocrx_word' id='word_1_521' title='bbox 1063 4677 1086 4724; x_wconf 91' lang='lat' dir='ltr'><strong>II</strong></span> <span class='ocrx_word' id='word_1_522' title='bbox 1110 4674 1167 4724; x_wconf 90' lang='grc'>278.</span> <span class='ocrx_word' id='word_1_523' title='bbox 1192 4677 1223 4724; x_wconf 85' lang='grc' dir='ltr'><strong>Ιιι</strong></span> <span class='ocrx_word' id='word_1_524' title='bbox 1245 4691 1276 4725; x_wconf 86' lang='lat' dir='ltr'><strong>ea</strong></span> <span class='ocrx_word' id='word_1_525' title='bbox 1294 4677 1427 4739; x_wconf 77' lang='lat' dir='ltr'><strong>provincIa</strong></span> <span class='ocrx_word' id='word_1_526' title='bbox 1444 4677 1487 4726; x_wconf 90' lang='lat' dir='ltr'><strong>ius</strong></span> <span class='ocrx_word' id='word_1_527' title='bbox 1504 4678 1576 4728; x_wconf 88' lang='lat' dir='ltr'><strong>diee-</strong></span> 
     </span>
     <span class='ocr_line' id='line_1_91' title="bbox 957 4761 1578 4825; baseline 0.002 -14"><span class='ocrx_word' id='word_1_528' title='bbox 957 4762 1049 4824; x_wconf 82' lang='lat' dir='ltr'><strong>batur,</strong></span> <span class='ocrx_word' id='word_1_529' title='bbox 1082 4761 1158 4810; x_wconf 90' lang='lat' dir='ltr'><strong>cuius</strong></span> <span class='ocrx_word' id='word_1_530' title='bbox 1186 4762 1262 4810; x_wconf 91' lang='lat' dir='ltr'><strong>heres</strong></span> <span class='ocrx_word' id='word_1_531' title='bbox 1288 4765 1358 4825; x_wconf 86' lang='lat' dir='ltr'><strong>erat,</strong></span> <span class='ocrx_word' id='word_1_532' title='bbox 1389 4763 1459 4825; x_wconf 91' lang='lat' dir='ltr'><strong>quod</strong></span> <span class='ocrx_word' id='word_1_533' title='bbox 1485 4767 1578 4825; x_wconf 87' lang='lat' dir='ltr'><strong>postea</strong></span> 
     </span>
     <span class='ocr_line' id='line_1_92' title="bbox 958 4845 1577 4910; baseline 0.003 -15"><span class='ocrx_word' id='word_1_534' title='bbox 958 4850 1093 4896; x_wconf 88' lang='lat' dir='ltr'><strong>mutatum</strong></span> <span class='ocrx_word' id='word_1_535' title='bbox 1111 4851 1165 4909; x_wconf 88' lang='lat' dir='ltr'><strong>est,</strong></span> <span class='ocrx_word' id='word_1_536' title='bbox 1183 4847 1215 4896; x_wconf 84' lang='lat' dir='ltr'><strong>ct.</strong></span> <span class='ocrx_word' id='word_1_537' title='bbox 1230 4846 1286 4910; x_wconf 82' lang='lat' dir='ltr'><strong>[lig.</strong></span> <span class='ocrx_word' id='word_1_538' title='bbox 1300 4845 1347 4910; x_wconf 78' lang='lat'><strong>40,</strong></span> <span class='ocrx_word' id='word_1_539' title='bbox 1365 4846 1395 4910; x_wconf 88' lang='grc'><strong>5,</strong></span> <span class='ocrx_word' id='word_1_540' title='bbox 1413 4846 1460 4910; x_wconf 88' lang='grc'><strong>51,</strong></span> <span class='ocrx_word' id='word_1_541' title='bbox 1479 4846 1507 4896; x_wconf 89' lang='lat'><strong>7:</strong></span> <span class='ocrx_word' id='word_1_542' title='bbox 1522 4847 1577 4897; x_wconf 87' lang='lat' dir='ltr'><strong>Sed</strong></span> 
     </span>
    </p>
   </div>
   <div class='ocr_carea' id='block_1_5' title="bbox 0 0 1666 5512">
    <p class='ocr_par' dir='ltr' id='par_1_11' title="bbox 0 0 1666 5512">
     <span class='ocr_line' id='line_1_93' title="bbox 0 0 1666 5512; baseline 0 4"><span class='ocrx_word' id='word_1_543' title='bbox 0 0 1666 5512; x_wconf 95' lang='lat' dir='ltr'><strong> </strong></span> 
     </span>
    </p>
   </div>
  </div>
 </body>
</html>
