3322 5512
92 531 130 610 O.
159 538 213 607 17.

307 557 428 608 verum
442 535 546 609 etiam
559 535 720 610 exulibus
733 536 956 632 quibusdam3
975 546 1080 633 atque
1096 539 1185 612 inter
1198 534 1339 613 hostilia
1352 535 1465 636 spolia
1477 560 1587 614 nava-

303 661 372 733 lem
389 683 550 734 coronam
567 661 707 757 fastigio
724 661 906 736 Palatinae
924 662 1047 736 domus
1061 663 1160 737 iuxta
1173 664 1319 738 civicam
1333 665 1426 757 fixit,
1450 664 1586 738 traiecti

303 794 337 858 et
370 786 471 881 quasi
505 786 622 860 domiti
659 786 790 860 Oceani
816 786 963 882 insigne.
999 787 1149 861 Currum
1175 788 1250 862 eius
1277 788 1470 863 Messalina
1497 812 1587 863 uxor

304 919 466 1004 carpento
483 919 604 984 secuta
621 919 691 1004 est;
711 911 819 984 secuti
837 919 871 984 et
889 911 1115 1005 triumphalia
1132 923 1336 986 ornamenta
1354 913 1476 986 ecdem
1494 913 1587 987 bello

300 1129 436 1188 praesidis
460 1143 559 1177 nomen
575 1130 700 1192 penerale
718 1135 770 1193 est,
789 1143 872 1191 coque
889 1135 915 1178 et

302 1214 472 1274 proconsules
496 1219 521 1261 et
538 1214 620 1275 leqati
640 1213 762 1263 Caesaris
780 1221 805 1264 et
823 1229 914 1264 onrnes

301 1298 456 1359 prouincias
473 1304 609 1360 repentes,
628 1299 687 1348 licet
699 1306 835 1349 senatores
844 1301 914 1361 sint,

302 1382 441 1443 praesides
463 1383 651 1444 appellantur,
673 1385 841 1445 proconsulis
864 1399 914 1446 op-

300 1466 414 1527 pellotio
438 1466 563 1527 specialis
576 1487 577 1490 ¹
588 1474 634 1516 est.
660 1467 744 1517 Locus
761 1473 850 1518 noster
867 1469 913 1517 ad-

302 1550 405 1598 dendus
421 1555 462 1598 est
483 1552 611 1613 exemplis
633 1568 649 1601 a
671 1553 835 1603 Mommseno
853 1553 914 1603 Stli.

302 1633 337 1682 lli
354 1634 403 1683 140
421 1635 442 1683 Α
460 1633 563 1684 3:11²
579 1635 629 1686 ‘230
646 1652 660 1686 e
678 1637 805 1687 Suetonio
818 1639 912 1687 allatis.

334 1720 456 1769 caulibus
479 1721 653 1782 quibusdam.
677 1722 710 1771 cf.
728 1721 827 1772 Seneca
844 1738 913 1771 cons.

301 1805 333 1853 ad
358 1805 448 1869 Polyb.
466 1804 512 1869 13,
536 1805 565 1855 1ι
593 1811 618 1854 et
634 1808 740 1868 patrios
760 1807 914 1870 triumphos

300 1891 381 1939 ducat
404 1889 558 1951 (Claudius)
576 1897 602 1940 et
618 1905 711 1954 nouos,
736 1906 854 1952 quorum
871 1907 914 1940 ιιιο

301 1989 407 2036 quoque
430 1980 608 2037 spectatorem
631 1975 771 2038 futurum,
794 1990 914 2037 quaeest

301 2059 448 2107 virtutibus
471 2060 529 2107 eius
550 2062 678 2122 prinrunc
695 2060 795 2108 obtinet
813 2060 913 2122 locuni,

299 2144 440 2205 promittit
457 2144 618 2203 rlenreun'o,·
635 2157 704 2206 quae
721 2142 800 2192 verba
817 2144 913 2192 scholi-

300 2233 375 2277 asten
399 2229 431 2277 ad
449 2227 507 2277 Jrrv.
525 2227 547 2276 V
564 2226 614 2276 109
631 2228 658 2276 in
676 2243 791 2277 errorem
810 2229 913 2277 duxisse

302 2312 435 2374 ridentur,
459 2312 506 2378 qui
525 2313 589 2361 haec
606 2313 701 2362 tradit:
723 2310 838 2362 Seneca:
856 2314 913 2376 hic,

299 2397 391 2458 inquit
408 2396 528 2459 Probus,
552 2398 601 2446 sub
620 2397 733 2446 Claudio
750 2399 830 2459 quassi
850 2412 913 2447 con-

300 2484 370 2531 scius
401 2484 600 2532 adulteriorum
634 2481 722 2531 iuliae
754 2482 913 2532 Germanici

301 2567 375 2628 filiae
393 2570 423 2616 in
442 2567 578 2616 Corsicana
593 2568 738 2629 relegimus,
757 2574 816 2628 post
829 2568 913 2617 trien-

300 2653 379 2700 niunt
396 2657 533 2716 revocatus
552 2659 597 2701 est.

332 2751 460 2789 coronant
484 2739 615 2786 navalem.
642 2737 710 2786 banc
727 2737 782 2799 ipse
799 2736 848 2785 sibi
866 2737 912 2785 de-

299 2822 388 2870 crevit.
406 2821 493 2870 Aurea
510 2826 567 2871 erat
584 2820 643 2883 (Dio
658 2820 698 2884 49,
714 2820 754 2885 14,
768 2820 791 2870 3.
811 2820 912 2870 Gellius

298 2905 322 2965 5,
337 2904 365 2967 6)
378 2907 522 2970 rostrisque
532 2910 633 2968 ornata,
642 2906 675 2954 cf.
685 2921 809 2955 nummos
818 2906 911 2969 Agrip-

299 3005 354 3052 pae,
372 2990 415 3038 cui
433 2990 570 3054 Augustus
585 3004 644 3039 eam
655 2991 764 3039 dederat
774 2988 818 3050 (cs.
829 2990 911 3053 Marq.

299 3074 336 3123 St.
346 3074 375 3123 V.
393 3072 429 3122 11²
443 3090 466 3137 p.
480 3073 528 3123 577
538 3074 559 3122 Α
569 3073 596 3135 6)
611 3076 679 3138 apud
690 3075 819 3136 Babelon‚
836 3075 912 3123 Mon-

300 3160 372 3208 naies
391 3160 421 3207 de
439 3161 466 3208 la
475 3158 641 3222 Republique
652 3159 779 3207 Romaine
790 3159 811 3206 ll
822 3175 844 3222 p.
854 3157 911 3208 557.

333 3243 454 3305 suscipio.
484 3244 620 3308 fastigium
649 3250 690 3293 est
717 3249 835 3304 anatome,
859 3259 912 3308 quo

299 3328 377 3377 aedes
395 3329 504 3377 deorum
517 3343 532 3377 a
546 3329 653 3391 privatis
672 3329 911 3393 distinguebantur.

298 3413 352 3461 Hoc
384 3417 415 3462 ut
440 3412 546 3462 Caesari
572 3412 656 3475 (Suet.
684 3413 756 3462 Caes.
782 3412 826 3473 81)
852 3428 911 3476 per-

300 3498 411 3545 missum
430 3501 484 3559 est,
502 3497 539 3545 ita
557 3498 678 3561 Augusto
695 3513 802 3561 quoque
816 3513 911 3561 quam·

300 3596 381 3644 quam
409 3581 578 3644 scriptoribus
595 3582 757 3644 tacentibus,
775 3583 911 3631 decretum

300 3681 355 3714 esse
373 3665 459 3715 debet.
484 3665 779 3729 Sequentesprincipes
797 3667 911 3715 eundem

301 3751 427 3798 honorem
442 3749 602 3799 habuerunt.
622 3750 846 3813 Repraesentatur
858 3752 911 3800 ior·

298 3840 369 3884 tasse
379 3835 495 3898 imagine
508 3834 613 3897 aquilae
625 3835 653 3882 in
662 3850 772 3883 nummo
782 3836 912 3898 descripto

297 3920 368 3982 apud
387 3919 486 3968 Eclrhel
505 3920 538 3968 Vl
557 3917 596 3967 88.
621 3918 712 3968 Ceben
730 3919 796 3983 Aug.
814 3919 853 3969 30.
873 3920 911 3969 cf,

298 4004 444 4052 Mommsen
469 4004 498 4053 R.
524 4003 553 4052 G.
577 4006 601 4054 d.
628 4002 707 4067 Arrg.²
733 4020 756 4066 p.
783 4004 839 4054 150.
875 4007 911 4055 De

299 4089 391 4136 Dativo
415 4089 447 4136 cl.
467 4088 520 4137 Liv.
540 4088 568 4150 7,
591 4087 619 4151 3,
644 4085 672 4136 δὲ
698 4087 765 4150 (leco)
784 4090 840 4151 fisa
858 4090 912 4151 suit

298 4173 393 4221 dectro
413 4174 493 4222 lateri
511 4175 594 4223 credis.

331 4259 410 4306 irrata
436 4259 558 4306 ciuicam.
585 4257 705 4321 Augusto
731 4273 753 4307 a.
782 4256 872 4322 717117
897 4275 912 4307 a

291 4327 392 4390 ‘senatu
418 4357 513 4391 corona
539 4342 620 4391 civica
646 4339 782 4405 (quercea)
807 4344 912 4392 decreta

297 4431 368 4488 erat,
395 4426 427 4474 cf.
452 4426 569 4475 Menum.
588 4424 696 4489 Ancyr.²
714 4426 747 4475 Vl
765 4425 810 4476 18;
837 4442 911 4476 coro-

297 4508 399 4572 naqlne
416 4512 500 4559 ciuica
517 4525 599 4572 snper
617 4512 732 4559 ianuam
749 4526 841 4561 meana
855 4512 912 4574 rina

296 4600 342 4642 est.
361 4593 461 4643 Graeca
477 4591 510 4641 13
528 4610 579 4657 sq:
598 4591 616 4641 ὅ
627 4611 653 4641 τε
666 4591 772 4657 ὃρύινος
783 4591 911 4659 στέφανος

296 4673 312 4722 ὁ
336 4674 473 4739 διδόμενος
498 4674 540 4726 ε’πί
567 4677 684 4742 σωτηρίᾳ
708 4682 761 4727 τῶν
783 4676 911 4728 πολειτῶν

296 4757 452 4825 ὗπεράίν]ω
476 4767 522 4810 τοῦ
539 4760 661 4818 πυλῶνος
678 4768 724 4828 τῆς
742 4760 808 4828 ἐμῆς
825 4761 910 4818 οἰκίας

296 4841 415 4909 ἀνετέθη.

1003 1127 1088 1186 Quam
1112 1143 1234 1178 coronam
1253 1130 1373 1180 Tiberius
1391 1132 1524 1180 recusavit
1542 1129 1586 1192 (ef.

969 1212 1041 1263 Suet.
1067 1214 1122 1263 Tib.
1146 1214 1193 1264 16ι
1220 1221 1245 1265 et
1263 1216 1377 1264 cirrioarn
1401 1217 1432 1264 in
1458 1216 1587 1264 vestibulo

968 1311 1096 1347 coronam
1113 1297 1265 1361 recusauit),
1283 1300 1437 1362 posteriores
1456 1300 1587 1362 principes

969 1383 1135 1447 habuerunt,
1175 1388 1206 1433 ut
1239 1389 1343 1446 praeter
1384 1384 1456 1433 hune
1497 1385 1586 1433 locum

968 1467 1044 1516 docet
1072 1465 1173 1515 Seneca
1202 1467 1234 1515 de
1263 1465 1412 1517 Clementia
1438 1468 1448 1515 l
1474 1467 1522 1532 16,
1558 1468 1585 1518 5:

968 1552 1074 1600 avellunt
1099 1558 1291 1602 ornamentum
1313 1553 1450 1614 principis
1474 1552 1586 1614 suscipio

968 1637 1079 1698 dipnius
1118 1637 1311 1698 pnlclniusqne
1346 1643 1385 1685 est
1418 1651 1503 1698 quana
1538 1638 1587 1686 itta

967 1735 1066 1769 corona
1089 1721 1122 1768 ob
1145 1721 1213 1769 riuos
1237 1727 1363 1769 seruatos.
1386 1719 1446 1769 Loci
1465 1722 1542 1770 allati
1560 1726 1587 1770 et

968 1819 1096 1853 nummus
1120 1805 1147 1854 L.
1173 1803 1275 1853 Caninii
1300 1803 1370 1853 Galli
1395 1802 1497 1866 (Gohen
1519 1806 1585 1868 Aug.

967 1887 1028 1952 385)
1052 1890 1080 1937 in
1104 1905 1157 1953 quo
1180 1905 1277 1938 corona
1300 1904 1379 1952 super
1397 1891 1506 1938 ianuam
1525 1905 1585 1940 sus-

968 1988 1049 2036 pensa
1071 1979 1125 2035 est,
1148 1974 1244 2023 docent
1266 1976 1367 2023 nullam
1392 1989 1500 2024 eausam
1528 1989 1584 2025 esse

968 2072 1015 2106 eur
1040 2073 1102 2106 cum
1128 2059 1247 2107 Ernestio
1266 2059 1388 2107 hocloco
1407 2074 1452 2122 pro
1472 2060 1585 2122 fastipio

968 2144 1088 2205 legamus
1114 2143 1144 2192 in
1170 2143 1301 2192 vestibulo
1328 2148 1432 2206 propter
1458 2143 1515 2192 Tib.
1543 2143 1584 2192 16.

968 2227 1114 2276 Posteriora
1143 2228 1215 2276 enim
1243 2229 1297 2277 loco
1324 2228 1468 2278 Suetonius
1495 2231 1586 2278 minus

968 2316 1091 2360 accurate
1123 2312 1225 2374 scripsit
1258 2318 1289 2360 ut
1313 2312 1491 2363 etiamOvid.
1523 2315 1586 2364 Met.

967 2396 978 2444 I
997 2394 1058 2445 561ε
1077 2397 1198 2458 postibus
1214 2397 1344 2459 Accprestis
1357 2400 1453 2448 eodem
1466 2397 1586 2461 (ίαιινιιε)

969 2481 1103 2542 fidissima
1119 2487 1207 2530 custos
1224 2481 1295 2531 Ante
1310 2482 1383 2543 fores
1397 2484 1480 2531 stabis
1494 2485 1584 2533 nuwi-

968 2581 1067 2628 anuquo
1093 2567 1199 2615 tacebere
1224 2581 1356 2628 qraercnno
1382 2572 1409 2615 et
1432 2567 1489 2616 Val.
1517 2567 1586 2617 Max.

968 2650 990 2697 ll
1014 2648 1042 2713 3,
1067 2649 1095 2698 7:
1123 2666 1177 2712 qua
1198 2648 1319 2712 (corona)
1337 2658 1424 2712 postes
1443 2650 1586 2714 Aupustae

967 2735 1063 2784 dantus
1091 2737 1260 2798 sempiterna
1285 2736 1372 2797 plortn
1401 2736 1586 2798 triumphant.

1002 2820 1107 2868 traiecti
1125 2826 1151 2869 et
1167 2822 1247 2882 qnasi
1265 2821 1362 2869 domiti
1382 2819 1490 2869 Oceani.
1516 2821 1585 2870 hanc

966 2904 1077 2967 gloriam
1102 2906 1227 2967 aequales
1250 2918 1358 2967 quoque
1375 2904 1488 2953 confessi
1506 2911 1585 2959 sunt,

966 2989 998 3036 cs.
1023 2987 1122 3037 Seneca
1146 2988 1249 3051 Apocol.
1273 2988 1365 3051 11,1,
1384 2988 1431 3038 13ῑ
1458 2989 1543 3038 Ιιιεείι
1561 2996 1587 3038 el

967 3074 1057 3135 ipsunt
1081 3087 1150 3122 noua
1167 3073 1308 3123 Romanae
1326 3072 1393 3121 Ιιινο
1411 3074 1513 3123 securis
1530 3079 1584 3123 tre-

966 3172 1041 3207 niere
1072 3157 1214 3207 Oceanum.
1245 3156 1368 3219 (Seneca)
1401 3156 1510 3208 Octavia
1539 3157 1585 3207 43:

966 3241 1065 3301 lancta
1082 3248 1108 3290 et
1125 3248 1188 3290 orate
1205 3243 1336 3291 ctrrssibns
1355 3243 1422 3291 tecit
1441 3232 1534 3305 freta(

1000 3326 1311 3389 Messalina-carpento
1332 3333 1428 3376 secuta
1457 3327 1520 3375 huic
1540 3341 1583 3376 se·

967 3416 1046 3460 natus
1077 3412 1172 3460 nuntio
1207 3412 1331 3461 victoriae
1370 3414 1450 3461 allato
1482 3412 1508 3460 id
1543 3412 1585 3460 ius

967 3497 1088 3559 dederat,
1106 3497 1139 3545 ei.
1159 3497 1206 3545 nio
1223 3496 1270 3559 66,
1288 3496 1381 3559 11,1;
1400 3492 1446 3545 καὶ
1464 3500 1496 3560 τῇ
1509 3493 1585 3544 Μεσ-

966 3577 1057 3644 σαλίνῃ
1084 3575 1131 3644 τὴν
1153 3577 1297 3643 προεδρίαν
1319 3578 1352 3644 ἣν
1375 3576 1421 3629 καὶ
1445 3577 1462 3644 ἦ
1487 3575 1584 3629 Λιονΐα

966 3661 1073 3728 ἔσχηκει
1090 3661 1136 3714 καί
1154 3661 1182 3713 τὸ
1194 3661 1334 3728 καρπὲντῳ
1348 3662 1465 3729 χρῆσθαι
1478 3653 1594 3724 ἔδοσαν,

967 3765 1036 3812 quae
1067 3755 1172 3799 tantum
1206 3752 1237 3799 ad
1264 3751 1431 3813 triumphum
1466 3755 1585 3812 spectare

967 3839 1037 3883 recte
1063 3835 1128 3882 milri
1155 3836 1289 3884 monuisse
1313 3835 1419 3884 uidetur
1436 3834 1583 3883 Mommsen

966 3917 1026 3967 StR.
1046 3916 1081 3966 [p
1097 3917 1147 3967 813
1166 3918 1186 3967 Α
1205 3918 1219 3967 7
1240 3936 1269 3962 =
1289 3915 1397 3968 [11796.

1000 4003 1183 4065 tricinuphatia
1202 4010 1366 4054 ornamenta
1385 4004 1486 4065 adepti.
1514 4019 1584 4067 quae

967 4087 1013 4135 nio
1031 4088 1113 4136 tradit
1129 4086 1176 4149 66,
1193 4088 1240 4151 13,
1258 4088 1287 4137 1;
1312 4085 1397 4150 ἔνειμε
1414 4082 1444 4137 δὲ
1463 4091 1517 4142 τοῖς
1535 4083 1584 4151 μὲν

963 4163 1118 4235 ’βουλευταῖς
1151 4175 1203 4225 τοῖς
1233 4169 1458 4230 σονεξετασθεῖσίν
1486 4170 1514 4220 οἱ
1539 4169 1584 4227 τὰς

965 4252 1109 4310 ἐπινικίους
1127 4253 1216 4318 τιμάς,
1240 4252 1289 4320 οὐχ
1310 4254 1349 4304 ὅτι
1366 4261 1419 4310 τοῖς
1435 4252 1584 4305 ὑπατευκό-

966 4357 1014 4400 σιν,
1033 4338 1097 4403 ὅπερ
1116 4337 1161 4389 καί
1180 4338 1266 4395 ἄλλως
1284 4337 1465 4405 ἀφθονώτατα
1482 4337 1584 4389 καὶέπὶ

966 4429 1018 4479 τοῖς
1047 4421 1191 4489 ἐλαχίστοις
1216 4422 1297 4474 ἐποίει
1321 4441 1352 4475 ex
1377 4431 1452 4489 parte
1475 4430 1584 4475 tantum

966 4525 1028 4559 vera
1045 4525 1102 4559 esse
1120 4511 1258 4573 videntur,
1284 4527 1346 4560 nam
1365 4527 1395 4560 ex
1414 4511 1583 4561 senatoribus

966 4609 1033 4657 quos
1059 4593 1201 4644 Claudium
1227 4597 1366 4646 comitatos
1384 4595 1466 4645 inisse
1485 4596 1585 4645 scimus

966 4679 1033 4739 (noti
1057 4680 1132 4727 nobis
1156 4685 1220 4728 sunt
1244 4679 1328 4730 Galba
1345 4679 1428 4741 (Suet.
1448 4678 1524 4729 Galb.
1544 4679 1584 4740 7),

965 4764 1002 4812 Τί.
1021 4764 1143 4812 Plautius
1156 4763 1283 4812 Aelianus
1293 4762 1332 4824 (G.
1343 4765 1360 4812 l.
1372 4763 1398 4812 L.
1407 4762 1466 4811 XlV
1476 4760 1543 4812 3668
1554 4778 1583 4806 =

966 4847 1037 4896 Dess.
1064 4863 1089 4897 u.
1116 4846 1191 4911 986),
1217 4847 1338 4897 Valerius
1362 4847 1494 4896 Asiaticus
1513 4847 1584 4909 (Tac,
