3322 5512
228 909 412 993 ¹Claudius
445 909 480 989 in
496 966 499 971 -
516 911 641 989 senatu
674 910 797 988 sedere
831 908 956 988 solitus¹
973 905 1056 988 *est
1076 915 1118 987 in·
1141 913 1308 987 tribunali
1331 907 1356 986 ‘a
1380 903 1471 985 Gaio

190 1080 375 1146 exstructo.
453 1114 456 1121 ·
514 1060 539 1106 ²¹

776 1321 890 1385 XVIII.

239 1590 502 1689 Antiquissimis
548 1589 763 1689 temporibus
809 1591 901 1663 serui
938 1587 1141 1663 manumissi
1181 1598 1216 1662 et
1253 1588 1314 1662 filii
1353 1612 1471 1663 eorum

191 1740 345 1819 libertini
370 1745 646 1841 appellabantur.

687 2060 749 2093 a:
790 2002 873 2062 XIX.
1001 2079 1016 2089 st

240 2271 381 2344 nouus
407 2270 562 2342 ursanus
587 2267 626 2342 o.
640 2270 667 2341 r.
681 2270 722 2340 n.
745 2228 803 2369 ur
824 2271 962 2340 aaron:
991 2271 1067 2342 sea.
1094 2270 1253 2357 narrans
1280 2226 1470 2362 umam)

203 2423 383 2515 Westutis)
410 2423 610 2514 Hibernos)
638 2421 795 2493 Phileros
821 2419 923 2493 dooet
946 2418 1124 2495 Vibidium
1142 2381 1479 2514 Virronequuem

193 2570 426 2644 Athenienses
452 2579 569 2644 statua
593 2569 853 2644 honoraverunt
878 2569 932 2668 (of.
960 2569 1313 2667 6166111603)
1339 2578 1471 2664 patrem

192 2722 300 2795 fuisse
326 2721 489 2798 Vibidiae
514 2722 595 2796 item
622 2723 666 2795 ab
692 2722 967 2797 Atheniensibus
993 2732 1111 2796 statua
1135 2723 1325 2796 honoratae
1352 2721 1405 2818 (ef.
1434 2721 1472 2795 Ο.

192 2875 221 2946 L
255 2874 326 2948 Att
359 2875 416 2946 ΠΙ
452 2875 553 2973 876),
587 2899 694 2971 quam
727 2875 874 2949 Tacitus
900 2875 1004 2974 (Anu.
1031 2875 1086 2947 XI
1114 2878 1169 2946 32.
1198 2875 1261 2968 34)
1284 2875 1473 2959 aasentias

193 3025 364 3120 virginem
391 3027 571 3101 Vestalem
597 3026 791 3099 maximam
810 3027 920 3100 fuisse
946 3026 1061 3100 tradit.
1203 3044 1209 3082 ,·
1455 3045 1471 3089 s

801 3401 868 3461 XX.

242 3668 400 3760 Sentius,
435 3667 568 3740 amicus
600 3641 830 3763 Vespasiani,
865 3690 968 3763 quem
1003 3625 1149 3740 Taoitus
1182 3665 1285 3763 (Hist.
1312 3640 1366 3740 IV
1394 3666 1426 3763 7)
1453 3690 1476 3738 a

195 3819 334 3891 Nerone
371 3819 588 3890 interfectum
627 3841 706 3893 esse
742 3817 866 3908 tradit,
909 3820 1028 3892 oonsul
1069 3826 1122 3893 est
1155 3840 1186 3891 a.
1225 3818 1372 3908 tursol,
1411 3815 1475 3889 On.

195 3968 336 4040 Sentius
362 3968 579 4041 Saturninus.

796 4254 878 4314 XXI.

245 4517 375 4591 Aufidii
414 4518 518 4591 Bassi
557 4519 638 4590 libri
676 4519 756 4590 tatu
799 4519 1000 4590 Germanioi
1039 4518 1213 4613 complexi
1247 4526 1329 4591 sunt
1364 4540 1421 4590 res
1455 4541 1477 4589 a

196 4671 365 4742 Romanis
398 4669 434 4741 in
468 4669 659 4743 Germania
691 4677 811 4763 gestas
836 4668 917 4741 inde
943 4694 965 4742 a
991 4669 1091 4741 clade
1112 4669 1269 4743 Variana
1294 4692 1405 4764 usque
1431 4668 1477 4741 ad

196 4845 225 4892 a.
256 4824 402 4912 tutuo,
429 4844 508 4893 oum
534 4820 766 4894 Germanicus
791 4829 977 4893 revocatus
1003 4829 1064 4893 est.
