3322 5512
712 325 766 389 147

99 539 323 591 consocerum
349 539 468 609 suum,
495 514 673 611 Iuliasque
694 515 838 589 alteram
857 515 983 608 Drusi,
1009 514 1156 589 alteram
1173 511 1373 590 Germanioi
1465 509 1506 589 C.
1532 518 1590 590 99.

145 662 206 719 Tac.
228 663 308 720 Ann.
329 661 413 719 XIII
430 663 483 720 32.
524 661 647 734 Iuliam,
669 661 760 719 Drusi
777 660 885 734 filiam,
906 659 974 718 dolo
989 659 1165 718 Messalinae
1180 658 1378 719 interiectam.

141 767 203 826 Dio
225 771 280 843 60,
301 771 352 843 18,
374 771 394 827 4
417 772 454 845 (o.
479 768 610 847 7964434.
653 768 705 841 τήν
730 792 764 831 τε
787 764 915 831 Ἰουλίαν
939 768 993 840 τὴν
1018 771 1069 830 τοῦ
1095 765 1225 845 Δρούσου
1248 766 1305 842 μὲν
1329 771 1380 830 τοῦ

102 874 242 954 Τιβερίου
266 876 374 946 παιδὸς
399 873 581 955 θυγατέρα,
606 880 657 939 τοῦ
682 875 713 937 δέ
737 875 772 948 δὴ
799 869 931 952 Νέρωνος
959 878 1009 936 τοῦ
1033 877 1217 952 Γερμανικοῦ
1244 878 1378 947 γυναῖκα

102 981 277 1057 γενομένην,
294 984 536 1066 ζηλοτυπήσασα
555 983 590 1068 (η’
606 981 812 1067 Μεσσαλῖνα)
831 978 929 1060 ι’έσπερ
946 980 998 1045 καὶ
1014 981 1068 1054 τὴν
1082 979 1186 1060 ἑτέραν
1199 978 1380 1062 ἀπέσφαξε.

144 1089 253 1148 Seneca
273 1091 390 1166 Apocol.
413 1093 463 1163 10,
485 1093 513 1149 4.
554 1091 631 1150 hanc
655 1089 729 1148 mibi
749 1088 875 1164 gratiam
896 1088 1027 1162 rettulit,
1049 1093 1083 1148 ut
1104 1089 1178 1147 diras
1199 1087 1292 1147 Iulias
1313 1105 1381 1164 pro-

101 1201 208 1271 neptes
227 1215 310 1256 meas
330 1196 493 1271 occideret,
514 1197 638 1256 alteram
658 1197 751 1269 ferro,
773 1196 897 1255 alteram
919 1196 1009 1255 fame.

144 1301 274 1377 (Seneca)
301 1302 421 1362 0010010
442 1306 511 1362 944.
552 1303 629 1362 Iulia
657 1302 760 1361 matris
784 1294 969 1362 1010000010
989 1309 1050 1376 est,
1076 1302 1148 1361 Post
1167 1302 1256 1377 longa
1277 1306 1381 1361 tamen

102 1413 236 1484 tempora
255 1410 334 1469 ferro
355 1410 448 1470 Caesa
468 1418 530 1485 est,
551 1410 688 1488 quamvis
708 1409 832 1469 crimine
852 1409 950 1468 nullo.

145 1515 205 1573 Dio
227 1518 283 1590 60,
305 1519 341 1591 8,
363 1520 382 1576 5
404 1521 442 1594 (a
466 1519 592 1596 7944444.
633 1515 710 1590 αὕτη
747 1515 971 1602 (Μεσσαλῖνα)
1000 1515 1057 1592 μὲν
1084 1514 1146 1595 arip
1174 1517 1228 1590 την
1255 1515 1383 1580 Ἰουλίαν

104 1625 157 1698 τὴν
185 1624 356 1706 ἀδελφιδῆν
384 1625 494 1693 αὐτοῦ.
519 1621 697 1703 ὀργισθεῖσα
721 1648 755 1687 τε
779 1617 851 1700 ἅμα
875 1620 919 1687 ὅτι
947 1623 1026 1700 μήτε
1054 1624 1182 1699 έτιμοῖτο
1209 1624 1261 1688 ὑπ’
1290 1625 1385 1697 αὐτῆς

104 1730 183 1807 μήτε
208 1731 426 1805 έκολακεύετο,
463 1729 515 1795 καὶ
546 1733 789 1815 ζηλοτυπήσασα
821 1725 865 1794 ὅτι
898 1730 1087 1809 περικαλλής
1118 1754 1152 1794 τε
1177 1726 1209 1804 ἦν
1233 1730 1285 1795 καὶ
1309 1729 1384 1808 μόνη

104 1838 143 1917 τῷ
168 1836 308 1917 Κλαυδίῳ
334 1837 488 1920 πολλάκις
511 1837 722 1914 συνενίννετο,
746 1837 900 1922 ἐξώρισεν,
925 1838 1115 1914 ἐγκλήματα
1140 1839 1218 1918 αὐτῇ
1242 1835 1330 1902 ἄλλα
1350 1862 1385 1902 τε

104 1944 155 2008 καὶ
189 1944 335 2024 μοιχείας
367 1944 651 2024 παρασκευάσασα,
683 1946 736 2027 ἐφ’
769 1940 786 2024 ᾗ
810 1944 861 2009 καὶ
885 1945 898 2008 ὅ
922 1942 1056 2016 Σενέκας
1081 1944 1093 2007 ὁ
1118 1944 1240 2015 ’Ἄννιος
1265 1943 1384 2027 ἔφυγε,

105 2050 157 2114 καὶ
182 2049 301 2131 ὕστερόν
323 2074 361 2126 γε
385 2053 416 2115 οὐ
442 2053 549 2131 πολλῷ
573 2052 625 2116 καὶ
649 2051 825 2116 ἀπέκτεινεν
850 2052 954 2124 αὐτήν.

105 2213 151 2278 60,
175 2213 222 2277 44,
245 2213 261 2262 3
292 2212 336 2276 (00
359 2215 457 2278 duplici
489 2214 659 2278 praenomine
684 2215 717 2264 cf.

105 2300 188 2363 Marq.
206 2299 257 2349 Vit.
275 2297 355 2348 an2.
373 2315 396 2362 p.
415 2298 447 2348 95
465 2300 486 2348 n
505 2298 540 2361 3).
559 2299 655 2349 Consul
665 2300 719 2348 fuit

106 2400 128 2434 a.
146 2383 238 2448 784498
259 2382 298 2446 (C.
318 2385 337 2434 l.
355 2383 383 2434 L.
400 2384 424 2433 X
441 2382 515 2433 4496.
533 2385 592 2434 fast.
610 2384 670 2433 Aru.
690 2383 717 2433 C.

106 2470 124 2518 1.
142 2471 170 2518 L.
190 2466 212 2516 1²
228 2468 242 2518 4
262 2484 285 2532 p.
305 2468 344 2519 74.
363 2468 464 2518 Notizie
482 2469 506 2519 d.
525 2470 600 2519 Scavi
617 2467 683 2518 4899
693 2483 716 2531 p.

105 2552 174 2615 479).
193 2555 284 2603 Frater
301 2553 404 2603 Annalis
421 2554 486 2616 fuit,
503 2554 536 2604 cf.
554 2554 653 2604 Iletfr.
664 2553 717 2601 Aru

106 2637 133 2688 C.
151 2638 170 2686 I.
189 2638 215 2686 L.
234 2637 268 2687 Vl
285 2635 360 2687 9098.
371 2635 445 2701 9099,
463 2639 715 2701 ssamenqueeorum

106 2720 145 2782 (C.
163 2721 182 2770 1.
201 2721 228 2770 L.
252 2721 286 2770 111
309 2720 376 2771 9098
393 2720 429 2783 d).
456 2721 602 2771 Maiestatis
626 2726 717 2784 postu·

106 2808 177 2855 latus
195 2820 217 2854 a.
236 2803 342 2869 785439,
359 2805 513 2855 testimonio
530 2805 631 2854 tribuni
649 2804 718 2854 Celsi

106 2895 245 2954 exemptus
270 2895 311 2940 est
327 2889 398 2952 (Tac.
416 2890 484 2939 Ann.
503 2890 536 2938 Vl
554 2888 596 2953 9),
613 2892 719 2954 legatus

107 2976 248 3039 Hispaniae
281 2975 484 3024 Tarraconensis
516 2989 531 3023 a
561 2974 670 3024 Claudio
696 2990 712 3024 a

107 3057 196 3124 794444
224 3064 361 3108 revocatus
387 3060 466 3122 paulo
489 3063 548 3122 post
564 3058 721 3109 interiectus

107 3150 148 3195 est
172 3142 289 3209 (795449,
316 3145 348 3195 01.
373 3145 420 3194 Dio
437 3143 483 3207 60,
506 3142 553 3207 44,
570 3143 606 3206 3).
636 3144 721 3193 Huius

109 3229 179 3279 lilius
211 3233 297 3292 potest
329 3229 410 3278 fuisse
437 3229 470 3278 M.
496 3228 596 3292 Appius
628 3230 721 3279 Iunius

108 3314 214 3364 Silanus
239 3314 315 3364 cuius
341 3314 429 3363 liberti
453 3320 637 3364 memorantur
655 3314 682 3364 C.
701 3316 720 3364 1.

108 3401 135 3449 L.
145 3399 180 3449 Vl
190 3397 263 3448 7603.
282 3397 355 3448 7606.
374 3397 447 3448 7607.
466 3397 539 3449 7644.
556 3397 629 3448 7643.
644 3398 721 3462 7635,

108 3486 140 3535 01.
157 3485 306 3535 Mommsen
324 3484 355 3534 ad
374 3483 401 3533 C.
419 3485 439 3534 1.
457 3485 484 3533 L.
502 3483 628 3534 1117600.

141 3583 314 3619 consocerum
331 3583 419 3618 suune.
437 3584 499 3618 cum
517 3569 564 3618 Dio
581 3572 598 3618 1.
617 3571 634 3618 1.
652 3571 722 3619 dicat

107 3653 229 3703 Silanum
252 3654 378 3702 maritum
397 3653 478 3702 fuisse
497 3653 627 3702 Domitiae
645 3654 721 3717 Lepi-

35 3775 37 3777 >
108 3737 170 3800 dae,
194 3736 273 3786 matri
296 3737 465 3801 Messalinae,
488 3742 559 3787 recte
582 3738 689 3788 Silanus
706 3753 723 3786 a

108 3821 208 3870 Seneca
225 3817 340 3883 (Apocol.
358 3819 406 3885 44,
424 3820 451 3882 5)
469 3836 542 3871 socer
555 3820 659 3871 Claudii
671 3823 722 3872 dici

109 3906 202 3969 potuit.
236 3905 359 3955 Priorum
390 3911 481 3955 autem
508 3908 721 3971 explicationem,

108 3992 256 4040 secundum
278 4006 360 4054 quam
384 3992 483 4055 Appius
507 3991 613 4040 Silanus
630 3996 722 4054 utpote

108 4082 184 4139 pater
200 4076 227 4124 L.
246 4075 342 4139 Silani,
360 4075 451 4139 generi
466 4074 582 4138 Claudii,
600 4091 723 4126 consocer

109 4160 212 4210 Claudii
222 4161 348 4223 appellari
358 4164 446 4222 posset
454 4158 562 4209 Octavia
569 4159 658 4211 Silano
669 4159 722 4209 6110

109 4245 251 4308 desponsa,
274 4249 345 4294 stare
369 4260 422 4294 non
440 4259 514 4308 posse
532 4245 723 4295 demonstravit

109 4330 257 4379 Mommsen
274 4330 339 4393 Epir.
357 4329 442 4393 Epigr.
461 4330 505 4392 lp.
518 4328 550 4378 57
559 4344 617 4393 sqq.
627 4331 723 4379 docens

109 4414 137 4463 L.
159 4413 282 4463 Silanum
304 4411 389 4462 silium
413 4413 495 4462 fuisse
519 4414 553 4463 M.
571 4413 653 4463 Silani
671 4430 722 4465 cos

109 4513 132 4548 a.
160 4494 266 4560 779449,
297 4497 423 4560 idemque
449 4498 498 4546 11.
524 4513 547 4561 p.
571 4496 604 4547 59
627 4499 723 4548 statuit

110 4587 200 4632 nostro
216 4584 273 4631 loco
290 4587 338 4631 aut
354 4582 441 4645 ipsum
460 4580 618 4631 Suetonium
636 4598 722 4632 errore

110 4682 187 4731 eum,
227 4666 274 4730 qui
311 4680 384 4715 socer
415 4666 510 4731 fuerit,
551 4682 722 4717 consocerum

110 4751 301 4815 nominavisse,
319 4756 367 4799 aut
384 4750 503 4800 librarios
521 4753 675 4815 peccavisse.

143 4835 172 4888 Si
194 4841 299 4903 autem,
322 4840 354 4887 ut
376 4836 444 4886 mihi
466 4836 579 4886 dubium
596 4842 720 4900 nonest,

772 2229 844 2264 error
861 2219 901 2264 est
918 2214 1038 2264 Suetonii
1045 2214 1142 2278 ipsius,
1159 2217 1312 2263 nontamen
1322 2229 1383 2263 cum

771 2299 935 2349 Mommseno
952 2300 1010 2348 eius
1026 2300 1122 2348 erroris
1139 2299 1208 2349 hanc
1224 2299 1306 2348 fuisse
1320 2314 1383 2348 oau-

772 2399 829 2434 sam
855 2384 984 2448 putarim,
1010 2384 1080 2447 quod
1104 2383 1248 2433 Suetonius
1271 2385 1385 2447 Appium

772 2467 894 2518 Silanum
917 2483 963 2531 pro
986 2468 1060 2518 Lucii
1077 2473 1151 2532 patre
1168 2468 1299 2518 habuerit.
1329 2469 1385 2518 Imo

772 2568 834 2602 eum
859 2553 974 2601 Faustus
999 2551 1074 2601 Sulla
1091 2567 1107 2600 a
1124 2553 1206 2602 Dione
1232 2554 1302 2616 apud
1325 2554 1384 2603 Zon.

773 2635 842 2686 1119
860 2652 883 2700 p.
902 2636 950 2685 467
967 2636 1123 2686 Messalinae
1140 2639 1223 2687 frater
1240 2639 1387 2701 appelletur

773 2722 907 2785 fueritque
923 2721 1007 2785 igitur
1024 2720 1095 2771 filius
1112 2723 1242 2772 Domitiae
1260 2724 1386 2787 Lepidae,

774 2806 873 2869 Appius
896 2805 1003 2855 Silanus
1026 2807 1084 2856 eius
1106 2807 1215 2857 ritrIous
1232 2809 1284 2857 suit
1301 2807 1386 2872 (patre

774 2889 899 2952 mortuo).
923 2890 951 2942 Si
968 2891 1067 2954 Appius
1085 2893 1193 2942 vixisset
1210 2908 1294 2957 usque
1312 2894 1343 2942 ad
1359 2894 1385 2942 id

774 2980 880 3039 tempus
905 2990 958 3039 quo
981 2975 1056 3025 Sulla
1078 2992 1161 3041 gener
1178 2977 1281 3027 Claudii
1299 2978 1386 3027 factus

774 3065 823 3124 est,
838 3075 929 3109 revera
938 3059 1042 3109 Claudii
1050 3076 1174 3112 consocer
1183 3062 1285 3112 fuisset.
1303 3061 1386 3112 Credo

775 3149 866 3193 autem
891 3144 1049 3194 Suetonium
1075 3150 1217 3194 stemmate
1242 3143 1385 3195 Caesarum

775 3227 960 3292 neglegentius
993 3228 1110 3291 inspecto
1144 3244 1231 3293 neque
1262 3232 1387 3294 temporis

775 3327 828 3376 quo
859 3312 958 3375 Appius
986 3312 1051 3361 obiit
1076 3313 1140 3362 satis
1165 3328 1310 3363 memorem
1337 3316 1387 3365 hac

775 3411 836 3446 voce
861 3410 1033 3445 consocerum
1056 3412 1135 3445 usum
1159 3411 1223 3447 esse.
1248 3400 1285 3448 De
1304 3405 1387 3449 morte

776 3480 860 3531 Silani
876 3481 909 3530 cf.
926 3495 947 3529 0.
965 3479 1006 3529 37.

808 3566 896 3627 Iulius
903 3567 1020 3615 alteram
1026 3565 1223 3628 Drusi-filiam.
1233 3566 1301 3616 Iulia
1309 3569 1387 3619 Drusi

776 3656 803 3700 et
820 3652 928 3700 Liuillae
946 3650 1053 3711 (sororis
1070 3649 1185 3713 Claudii)
1198 3650 1286 3702 61100.
1296 3650 1388 3716 773490

776 3740 902 3799 nupserat
932 3735 1032 3784 Neroni
1061 3733 1114 3783 6110
1140 3733 1290 3785 Germanici
1316 3735 1386 3798 (Tae.

776 3820 844 3869 Anu.
862 3820 898 3868 111
915 3817 955 3869 99.
973 3819 1007 3868 IV
1024 3816 1065 3867 68.
1083 3818 1116 3867 111
1133 3817 1174 3868 97.
1191 3819 1238 3868 Dio
1247 3818 1287 3883 60,
1297 3818 1337 3884 48,
1347 3819 1387 3884 4),

776 3909 840 3954 nata
856 3904 938 3968 igitur
955 3907 1013 3952 erat
1029 3888 1132 3952 antea.
1150 3902 1232 3966 76448.
1255 3905 1316 3954 Post
1332 3906 1387 3954 exi-

776 3990 842 4039 lium
868 3988 981 4038 Neronis
1005 3987 1099 4037 Seiano
1124 3988 1252 4052 desponsa
1274 3987 1317 4051 (01.
1341 3990 1388 4039 1110

777 4073 817 4124 58.
835 4073 864 4137 7,
882 4072 904 4123 5.
923 4073 983 4121 Zon.
1000 4072 1172 4136 11190449.
1187 4074 1259 4124 8001.
1274 4075 1329 4124 Tib.
1347 4075 1387 4125 65.

776 4159 834 4208 Tac.
858 4158 927 4207 nnn.
951 4156 972 4206 V
990 4156 1013 4206 6.
1031 4157 1065 4206 Vl
1082 4156 1123 4221 8),
1141 4173 1164 4208 a.
1184 4157 1275 4223 786433
1298 4161 1388 4223 nupsit

777 4244 897 4293 Rubellio
921 4243 1020 4291 Blando
1043 4241 1114 4304 (Tac.
1138 4243 1205 4292 nnn.
1230 4243 1321 4293 11197.
1340 4244 1387 4293 1110

776 4327 822 4392 58,
839 4327 883 4389 91)
901 4342 1025 4391 annoque
1043 4325 1135 4390 796443
1152 4328 1210 4376 dolo
1220 4328 1388 4391 Messalinae,

776 4428 824 4476 ope
847 4413 874 4462 P.
892 4412 980 4462 Suillii
1001 4411 1061 4461 Rufi
1079 4410 1149 4474 (Tac.
1167 4412 1235 4462 Ann.
1252 4413 1312 4462 Xlll
1329 4411 1386 4476 434,

777 4502 870 4547 necata
892 4501 940 4546 est.
964 4496 1125 4545 Nominatur
1140 4497 1168 4546 in
1186 4497 1265 4546 titulo
1283 4498 1384 4547 urbano

776 4581 803 4632 C.
822 4583 840 4631 l.
859 4582 887 4632 L.
912 4582 945 4630 VI
968 4581 1047 4631 4419:
1085 4581 1162 4632 Elate
1192 4581 1280 4632 101100
1304 4583 1389 4632 Drusi

777 4666 901 4716 Caesaris
918 4667 991 4729 filiae
1008 4667 1128 4716 libertae.

808 4753 926 4801 alteram
935 4751 1092 4801 Germanici
1100 4751 1195 4813 filiam.
1208 4752 1271 4802 huic
1280 4753 1388 4815 plenum

776 4851 873 4887 nomeu
890 4837 942 4887 fuit
956 4836 1029 4885 Iulia
1036 4836 1136 4886 Liuilla
1147 4833 1231 4899 (Iulia
1242 4837 1390 4900 appellatur

1239 4927 1290 4981 10*
