3322 5512
91 517 129 591 (l.
157 521 212 590 43.

919 331 974 387 les

352 515 488 588 XLIII.
540 516 613 588 Sub
660 515 755 588 exitu
801 515 894 587 vitae
937 514 1039 608 signa
1080 514 1273 608 quaedam,
1320 538 1384 588 neo
1421 517 1586 610 obscura,

303 640 511 736 paenitentis
536 639 579 712 de
605 638 822 712 matrimonio
848 639 1065 735 Agrippinae
1091 639 1204 734 deque
1231 639 1381 712 Neronis
1402 639 1587 736 adoptione

304 764 456 838 dederat
497 763 693 859 Siquidem,
732 763 1081 836 commemorantibus
1119 765 1253 838 libertis
1287 789 1328 839 ac
1361 764 1587 838 laudantibus

303 889 550 984 cognitionem,
576 913 647 984 qua
668 888 784 985 pridie
809 888 985 983 quandam
1011 889 1173 962 adulterii
1198 913 1295 962 ream
1321 890 1585 981 condemnarat,

303 1013 369 1087 sibi
402 1036 540 1109 quoque
573 1014 607 1085 in
641 1013 724 1086 fatis
759 1037 836 1086 esse
871 1014 1013 1086 iactavit
1047 1015 1163 1086 onmia
1196 1014 1389 1110 impudica,
1425 1003 1488 1088 sed
1518 1038 1584 1088 nou

302 1137 472 1233 impunita
517 1138 753 1225 matrimonia3
801 1147 836 1211 et
878 1138 1026 1211 subinde
1065 1138 1204 1212 obvium
1242 1139 1308 1211 sibi
1347 1138 1585 1212 Britannicum

301 1263 411 1335 artius
445 1263 646 1358 complexus
680 1261 838 1335 hortatus
868 1273 938 1355 est,
974 1273 1011 1336 ut
1036 1273 1210 1336 cresceret
1235 1263 1475 1358 rationemque
1501 1287 1523 1335 a
1548 1286 1585 1335 se

303 1387 454 1460 omnium
488 1390 659 1460 factorum
694 1388 883 1482 acciperem
918 1388 1057 1460 Graeca
1082 1386 1226 1482 iusuper
1251 1409 1337 1461 voce
1362 1396 1584 1483 prosecutus:

342 1557 402 1615 Dio
425 1559 477 1630 60,
501 1559 558 1631 34,
579 1560 595 1615 1
616 1583 656 1607 --
679 1558 750 1616 Zon.
771 1558 820 1616 XI
840 1560 872 1615 II
891 1577 923 1633 p.
946 1560 1016 1616 472.
1059 1557 1071 1620 ν’
1103 1557 1134 1620 δὲ
1168 1556 1316 1626 Κλαύδιος
1350 1563 1410 1627 τοῖς
1442 1555 1500 1619 ὑπὸ
1533 1563 1585 1628 τῆς

302 1663 509 1742 Ἀγριππίνης
540 1662 714 1742 δρωμένοις,
747 1658 782 1726 ὧν
808 1686 845 1738 γε
870 1664 922 1726 κηί
948 1662 1099 1743 ᾑτθνίνετο
1124 1664 1196 1737 ἤδη,
1229 1661 1427 1742 ἀχθόμενος,
1460 1662 1513 1725 nal
1536 1663 1584 1726 τὸν

303 1769 360 1832 υἱὸν
392 1771 484 1833 αὑτοῦ
508 1769 557 1832 τὸν
583 1770 775 1848 Βρεττνονικὸν
800 1771 968 1853 ἐπιζητῶν,
1002 1772 1035 1852 ἐξ
1060 1768 1239 1851 ὄφθηλμῶν
1263 1770 1345 1849 οὐτᾷ·
1369 1769 1511 1842 ἐπίτηδες
1534 1770 1585 1832 ὑπ’

302 1877 413 1946 ἐκείνης
446 1876 487 1939 τοὶ
520 1876 625 1939 πάλλον
659 1877 857 1952 γιγνίμενον,
895 1876 1024 1956 Νέρωνι,
1058 1872 1104 1940 οἷον
1136 1902 1176 1957 τῳ
1209 1878 1318 1950 έηυτης
1352 1875 1438 1940 τουδί
1471 1877 1505 1939 ἐκ
1536 1881 1584 1940 τοῦ

305 1983 447 2062 προτέρου
471 1983 576 2061 ἀνδρὸς
600 1985 693 2054 αὐτῆς
719 1985 880 2059 Δομιτίου,
916 1985 1020 2047 τοίντη
1044 1983 1152 2062 τρίτον
1179 1982 1426 2063 τεριττοιουμένης
1451 1983 1484 2046 το
1509 1983 1581 2060 κροί-

303 2113 370 2162 τος,
396 2093 446 2154 οὐκ
476 2091 584 2164 ἤνεγκε
609 2091 641 2151 τὸ
666 2089 864 2166 γιγνόμενον,
889 2090 964 2153 ἀλλ’
990 2090 1101 2162 ἐκείνην
1126 2114 1160 2153 τε
1184 2095 1360 2154 navandam
1384 2090 1436 2152 nni
1456 2089 1583 2153 τὸν-υἱὸν

347 2304 408 2361 Τοο.
431 2305 510 2362 Αννιι.
533 2303 600 2361 XII
619 2305 666 2361 64.
709 2303 768 2362 Sed
789 2304 819 2361 in
841 2304 1001 2380 praecipuo
1023 2322 1132 2379 pavore
1153 2303 1319 2379 Agrippina
1334 2322 1436 2363 vocem
1452 2302 1585 2374 Claudii,

304 2429 393 2487 quam
422 2411 606 2469 temulentus
633 2410 759 2483 iecerat,
787 2410 879 2469 fatale
908 2410 980 2483 sibi,
1011 2419 1044 2468 nt
1072 2410 1232 2485 coniugum
1255 2410 1368 2486 flagitia
1389 2411 1496 2483 ferret,
1519 2408 1587 2468 dein

304 2517 438 2592 puniret,
460 2524 612 2589 metuenS,
634 2535 722 2592 agere
744 2523 774 2576 et
795 2518 927 2576 celerare
949 2516 1062 2576 statuit.

346 2624 403 2682 Dio
425 2624 506 2699 apud
527 2623 600 2682 Zon.
622 2624 672 2682 XI
690 2627 723 2682 11
740 2643 772 2699 ρν.
796 2626 867 2682 472.
910 2624 922 2686 0‘
948 2624 1099 2693 Κλονιίδιος
1115 2663 1157 2671 -
1175 2624 1225 2686 τὸν
1243 2624 1299 2687 υἱὸν
1318 2625 1348 2694 ἐς
1364 2625 1433 2694 τοὺς
1449 2623 1586 2705 ἐφήβους

303 2732 490 2805 sinnadensis·
509 2729 560 2792 nal
584 2729 727 2808 διοίδοχον
753 2730 914 2812 οὶττοδεῖξοοι
941 2714 1197 2812 ντοορετκευοίζετο.
1222 2789 1224 2794 ,
1306 2733 1307 2738 ’

343 2837 403 2895 Dio
426 2839 480 2910 60,
504 2839 560 2909 34,
584 2838 605 2894 2
625 2862 665 2886 =
688 2836 759 2894 Zon.
783 2837 833 2895 XI
852 2839 882 2895 ll
898 2856 930 2912 p.
954 2839 1024 2895 472.
1047 2835 1195 2912 andedos
1209 2836 1240 2898 δέ
1254 2841 1355 2899 τοῦτον
1369 2873 1412 2884 -
1425 2860 1582 2916 προκοιτο-

304 2945 414 3021 λνοβεῖν
440 2939 597 3024 Φκρμοίκιρ
623 2941 784 3016 ἠθέλησεν.

342 3052 921 3127 Josepn.nnt.1nn.XXs,2,151.
964 3053 1113 3116 δεδοικυῖη
1150 3052 1175 3114 δ’
1212 3053 1228 3125 η’
1264 3054 1459 3131 'aymus
1496 3055 1539 3129 μη
1574 3053 1585 3114 ὁ

304 3159 496 3236 osmonte
526 3156 689 3237 ἀνδρωθείς
721 3161 811 3231 οὗτος
845 3160 930 3236 πηροὶ
963 3165 1013 3223 τοῦ
1039 3159 1154 3238 sarpis
1177 3161 1231 3232 την
1256 3161 1358 3238 ἀρχὴν
1384 3158 1584 3238 τηρνλοίβοι,

303 3267 343 3346 τῷ
369 3268 393 3329 δ’
418 3267 512 3338 adra:
537 3266 624 3329 τουδί
650 3265 847 3345 τροηρτνίτνι
872 3266 1042 3342 βουλομένη
1068 3268 1120 3338 την
1142 3265 1308 3342 ἡγεμονίην
1325 3305 1368 3313 -
1388 3266 1585 3348 διετρίξντο.

336 3473 427 3522 Museo
459 3473 497 3522 illi
529 3488 626 3522 nomen
652 3473 811 3524 Claudieum
836 3476 916 3530 luisse
969 3481 1066 3538 portas
1086 3475 1239 3536 poenitenti
1255 3476 1374 3523 motatio
1393 3475 1508 3524 consilii.
1534 3475 1587 3523 Liv.

303 3559 385 3608 tradit
402 3559 557 3607 Athenaeus
576 3559 599 3606 ll
618 3574 641 3621 p.
660 3558 747 3609 QIOb:
763 3555 917 3614 Ἀντίδοτος
971 3559 1017 3623 36,
1043 3559 1090 3621 22,
1116 3557 1145 3608 3:
1172 3560 1196 3608 st
1217 3559 1359 3621 poenitere
1374 3560 1488 3621 possint.
1515 3560 1588 3608 Num

303 3641 326 3692 δ’
347 3640 374 3691 ἐν
392 3648 429 3706 τῷ
447 3638 652 3705 ἐπιγραφομένῳ
675 3641 850 3707 Πρωτοχόρῳ
866 3661 916 3692 ποι-
972 3650 1063 3693 autem
1081 3644 1143 3693 alibi
1162 3646 1267 3707 legatur
1282 3644 1424 3705 poenitere
1441 3644 1474 3692 de
1493 3644 1587 3693 nescio.

303 3725 375 3792 ράγει
393 3723 648 3790 τινὰ.νοαραννλήοιον
667 3732 719 3781 τοῖς
734 3724 761 3775 ἐν
775 3733 813 3790 τῷ
828 3725 916 3776 Κίου·
1006 3728 1105 3778 Omnia
1127 3729 1268 3791 impudico
1292 3728 1338 3776 scol
1362 3742 1417 3776 non
1441 3728 1587 3789 inapnnita.

302 3811 430 3875 ὃκεί>ῳ
465 3817 512 3861 νῦν
551 3809 752 3875 σοφιστεύουσιν
784 3808 822 3860 ὧν
854 3808 917 3861 οὐδὲ
971 3815 1059 3877 tetigit
1085 3813 1219 3862 Claudius
1236 3812 1293 3860 sine
1320 3810 1400 3860 dubio
1424 3811 1586 3860 adulterium

301 3895 453 3961 μεμνῆσθαι
471 3893 561 3945 καλόν.
583 3895 686 3958 (Fiatne
705 3898 784 3946 liuius
800 3897 917 3947 Clandiei
971 3899 1130 3962 Agrippinae
1151 3905 1178 3946 et
1196 3897 1338 3959 PallantiS,
1363 3895 1434 3959 quod
1453 3910 1500 3957 per
1518 3895 1587 3944 Nar-

303 3984 401 4032 montio
421 3984 447 4031 in
465 3983 545 4031 titulo
560 3982 707 4031 secundum
718 3982 865 4031 Hirschfeld
876 3980 915 4043 (V.
970 3985 1082 4045 cissam,
1097 3983 1140 4031 cui
1149 3983 1175 4031 id
1186 3987 1292 4044 notum,
1308 3980 1459 4044 cognouisse
1470 3980 1588 4041 ridetur,

303 4067 332 4116 G.
344 4069 361 4116 l.
372 4084 394 4130 p.
405 4064 522 4127 leona)
536 4071 564 4114 et
572 4066 767 4115 Mommsenum
778 4065 816 4127 (G.
828 4068 846 4115 l.
856 4067 916 4115 L.X
945 4104 948 4111 .
971 4069 1003 4118 cf.
1022 4082 1091 4131 quae
1116 4066 1254 4116 Narcissus
1272 4065 1335 4114 dicit
1352 4064 1422 4127 apud
1441 4063 1501 4112 Tac.
1519 4064 1587 4112 Anu.

303 4149 915 4215 plebpotiusinterpolatoquamfalsoc.1.
971 4153 1018 4201 llll
1045 4151 1089 4200 65:
1125 4165 1295 4214 quamquam
1321 4165 1355 4198 ne
1382 4149 1589 4211 impudicitiam

303 4239 321 4286 L
348 4234 466 4286 XIIOI:
485 4262 518 4270 -
533 4251 606 4299 proc.
623 4234 917 4285 Clondo'Alemandrine
970 4237 1082 4298 quidem
1104 4250 1177 4284 nnnc
1201 4235 1290 4283 abesse
1307 4233 1433 4283 Pallante
1451 4234 1588 4295 adultero,

301 4322 509 4383 ριάοιονιῖοο-,
525 4321 632 4369 videant
642 4320 787 4382 peritiores.
797 4319 916 4379 (Hirsch-
971 4336 1004 4370 ne
1034 4322 1095 4383 qnts
1125 4321 1247 4382 anthipat
1270 4320 1349 4368 deens
1371 4318 1505 4380 puderent
1528 4332 1587 4366 cor-

302 4406 356 4454 feld
380 4407 396 4453 l.
421 4407 438 4454 l.
462 4421 486 4468 p.
509 4403 556 4453 181
584 4406 604 4453 Α
625 4404 801 4467 lelegendum
827 4409 917 4454 censet
968 4403 1448 4468 pos,cunctorepnoviltornhabere.
1467 4401 1587 4451 Nimium

300 4503 373 4552 proc.
398 4487 477 4550 [forts.
495 4487 579 4552 qlod]
599 4489 695 4538 Claudi
712 4515 744 4522 -
763 4485 915 4550 uel[proef.
970 4496 1060 4538 tamen
1092 4494 1133 4538 est
1158 4489 1223 4538 illud
1250 4489 1357 4550 ontnio,
1388 4501 1451 4535 nam
1478 4487 1588 4536 Paetina

302 4571 406 4634 classis]
425 4572 632 4635 Alexandnnn).
970 4574 1048 4635 culpa
1064 4578 1149 4635 caret,
1167 4573 1198 4621 cs.
1217 4589 1238 4622 c.
1256 4572 1296 4622 26.

334 4659 503 4720 poenitentis
524 4658 565 4706 de.
590 4659 731 4719 poenitere
754 4658 858 4718 saepius
876 4663 916 4706 est
1005 4656 1126 4705 hortatus
1152 4663 1183 4704 nt
1208 4662 1343 4706 cresceret.
1371 4661 1401 4705 ut
1425 4660 1489 4720 toga
1507 4656 1589 4705 virilis

303 4742 413 4790 verbum
432 4743 579 4804 personale,
597 4742 624 4791 cf
648 4741 699 4791 Vit.
710 4740 755 4790 15:
771 4744 916 4804 poenitens
970 4743 995 4791 ei
1012 4741 1066 4790 dari
1086 4749 1180 4804 posset.
1200 4742 1263 4790 Fere
1277 4741 1368 4789 eedem
1378 4739 1517 4790 NarcIssus
1526 4740 1590 4790 dicit

303 4825 377 4887 facti.
403 4824 456 4874 Cic.
475 4825 540 4874 Phil.
560 4825 608 4874 Xll
626 4825 655 4888 2,
673 4825 705 4875 7:
734 4825 859 4889 Optimus
877 4832 917 4875 est
971 4826 1041 4891 apud
1067 4825 1126 4878 Tac.
1151 4827 1167 4878 l.
1192 4827 1223 4877 l.:
1248 4825 1322 4878 Ηοιοο
1345 4831 1428 4891 atque
1447 4827 1514 4876 talto
1531 4825 1588 4875 dio·
