3322 5512
717 329 772 388 139

102 515 300 612 adoptavit,
335 515 537 611 Pompeium
564 523 668 609 atque
695 514 851 588 Silanum
878 537 946 588 non
972 514 1147 587 recusavit
1171 514 1291 606 modo,
1318 514 1382 589 sed

103 648 136 713 et
161 640 343 715 interemit.

49 864 52 867 .
142 811 202 870 Dio
225 815 280 886 60,
303 814 357 882 31,
381 816 405 871 I.
448 813 479 874 ού
510 812 571 887 μην
603 811 677 874 αλλ’
703 809 776 874 οὕτω
800 816 867 879 ταῖς
891 810 1028 892 γυναιξὶν
1053 810 1065 873 ο“
1091 810 1242 880 Κλαύδιος
1265 810 1382 874 ἐδεδού-

102 930 180 980 λωτο
204 916 273 981 ὥστ’
298 916 493 999 ἀμφοτέρους
516 917 584 988 τοὺς
609 915 772 995 γαμβροὺς
796 916 832 978 δι’
857 916 955 986 αύτοὶς
979 917 1166 981 οίτοκτεῖναι.

145 1025 253 1084 Seneca
274 1026 391 1102 Apocol.
412 1028 460 1099 11,
484 1028 511 1084 5.
554 1023 800 1101 Quandoquidem
822 1024 910 1082 divus
931 1024 1075 1084 Claudius
1090 1024 1384 1100 oceidit-generos

102 1132 178 1191 duos
198 1133 338 1209 Magnum
360 1132 536 1209 Pompeium
558 1137 588 1191 et
608 1130 642 1190 L.
665 1129 810 1190 Silanum.

146 1238 254 1297 Seneca
275 1239 293 1298 l.
315 1240 332 1298 l.
354 1242 402 1314 11,
427 1241 453 1298 2.
496 1237 589 1298 Gaius
627 1237 727 1298 Crassi
758 1237 855 1295 filium
885 1237 982 1296 vetuit
1013 1238 1156 1313 Magnum
1186 1238 1302 1298 vocari:
1337 1239 1386 1298 bio

101 1364 209 1405 nomen
229 1346 274 1404 illi
296 1345 443 1420 reddidit,
465 1351 555 1421 caput
575 1345 653 1403 tulit.
675 1343 794 1403 Occidit
814 1343 845 1402 in
866 1362 925 1402 una
946 1343 1033 1402 domo
1049 1344 1206 1418 Crassum,
1228 1344 1385 1420 Magnum,

102 1452 296 1512 Scriboniam.

146 1559 207 1617 Τοο.
229 1558 306 1618 Hiar.
330 1559 417 1617 148.
458 1560 566 1617 fratres
604 1557 669 1616 eius
701 1556 830 1634 (Pisonis
861 1556 1018 1633 Liciniani)
1050 1555 1190 1632 Magnum
1223 1556 1384 1631 Claudius,

102 1666 243 1726 Crassum
264 1666 344 1726 Nero
364 1665 583 1725 interfecerant.

143 1772 203 1831 Dio
229 1772 311 1848 opud
338 1772 410 1831 Ζονο.
433 1771 483 1830 XI
508 1774 528 1830 9
542 1790 575 1847 p.
597 1774 668 1830 466.
710 1771 825 1839 ίολλους
856 1769 887 1832 δὲ
913 1768 1046 1840 τίλλους
1071 1767 1302 1846 διαβληθέντας
1325 1768 1383 1833 dard

103 1885 156 1951 της
185 1876 381 1950 Μεσσαλίνης
405 1876 456 1941 καί
479 1879 529 1941 τδν
553 1875 729 1940 Ἀσιατικὸν
754 1876 805 1939 καί
829 1875 878 1939 τὸν
903 1874 1048 1956 γαμβρὸν
1072 1875 1122 1939 τὸν
1149 1874 1279 1951 Μοίγνον
1302 1873 1381 1939 οὶτέ-

102 2010 198 2050 ατεινε
224 2009 230 2022 ·
255 1985 304 2050 τὸν
329 1985 385 2063 μὲν
409 1984 584 2049 Ἀσιατικὸν
609 1983 659 2048 δια
683 1985 736 2058 την
761 1981 879 2055 ούοίαν,
904 1982 954 2046 τὸν
979 1983 1010 2046 δέ
1027 1980 1157 2058 Μοίγνον
1178 1982 1227 2046 δια
1244 1981 1277 2046 τὸ
1298 1983 1385 2058 γένος

103 2093 154 2156 καὶ
178 2093 211 2157 τύ
236 2093 334 2166 κῆδος.

146 2201 208 2259 Τοο.
230 2203 310 2259 Ano.
331 2199 399 2258 XII
416 2202 443 2258 4,
486 2199 628 2258 Vitellius
650 2200 788 2258 -ferre
816 2198 942 2257 crimina
967 2198 999 2256 in
1026 2197 1176 2271 Silanum,
1204 2199 1291 2257 euius
1313 2216 1383 2258 sane

105 2307 211 2366 decora
232 2314 262 2366 et
284 2325 393 2383 procax
415 2324 508 2380 soror,
537 2306 624 2364 Iunia
645 2306 783 2379 Calvina,
811 2306 891 2364 haud
914 2305 1042 2364 multum
1061 2310 1130 2364 ante
1152 2304 1269 2364 Vitellii
1290 2323 1384 2364 nurus

103 2415 208 2474 luerat.
230 2414 308 2473 Hinc
328 2412 451 2472 initium
471 2412 685 2489 accusationis3
706 2414 892 2490 fratrumque
913 2431 972 2470 non
993 2411 1157 2485 incestum,
1180 2412 1233 2470 sed
1254 2412 1385 2470 incusto-

104 2521 199 2580 ditum
227 2539 358 2580 amorem
385 2520 424 2578 ad
449 2519 601 2579 infamiam
622 2519 723 2578 traxit.
755 2520 795 2578 nt
815 2520 975 2596 praebebat
996 2519 1105 2579 Caesar
1125 2537 1213 2578 aures
1236 2553 1273 2561 -
1295 2518 1385 2577 simul

104 2628 280 2687 affinitatem
301 2627 445 2686 Claudius
466 2626 596 2686 diremit.
1262 2619 1264 2623 ’

146 2733 208 2793 Tac.
231 2735 248 2792 l.
269 2734 287 2792 l.
311 2736 339 2792 8.
381 2732 437 2792 Die
468 2733 640 2810 nuptiarum
671 2733 801 2810 (Claudii
830 2739 861 2792 et
887 2732 1081 2809 Agrippinae)
1110 2731 1230 2792 Silanus
1259 2737 1384 2792 mortem

104 2842 159 2902 sibi
190 2841 349 2915 conscivit,
382 2841 444 2900 sive
476 2859 510 2900 eo
541 2859 638 2917 usque
671 2858 755 2917 spem
786 2841 865 2900 vitae
892 2841 1092 2917 produxerat,
1123 2858 1177 2899 seu
1198 2840 1314 2899 delecto
1335 2839 1384 2899 die

103 2949 269 3024 augendam
296 2948 334 3006 ad
361 2946 521 3006 invidiam:
554 2947 692 3021 Calvina,
722 2965 804 3006 soror
833 2947 913 3021 eius,
941 2948 1029 3007 ltalia
1056 2948 1144 3023 pulsa
1173 2953 1227 3006 eet.
1258 2947 1386 3007 Addidit

103 3055 247 3114 Claudius
278 3073 361 3114 sacra
388 3072 427 3113 ex
454 3053 572 3129 legibus
599 3054 691 3113 Tullii
719 3054 799 3130 regis
827 3054 1004 3132 piaculaque
1032 3055 1114 3131 apud
1142 3054 1244 3113 lucum
1273 3054 1384 3114 Dianae

102 3181 157 3239 per
177 3161 332 3238 pontifices
353 3160 465 3233 danda,
493 3161 687 3220 irridentibus
708 3162 841 3234 cunctis,
867 3162 947 3239 quod
968 3180 1080 3238 poenae
1101 3161 1384 3238 procurationesque

102 3268 210 3328 incesti
230 3268 262 3326 id
282 3267 426 3345 temporis
447 3267 686 3345 exquirerentur.

147 3377 209 3435 Ibe.
230 3375 247 3434 l.
269 3374 287 3434 l.
307 3375 391 3434 XIII
407 3377 431 3434 1.
473 3375 639 3451 Agrippina
659 3375 743 3433 fratri
764 3375 830 3434 eius
851 3374 885 3434 L.
908 3375 1007 3435 Silano
1029 3394 1132 3435 necem
1153 3375 1263 3437 molita.

146 3482 254 3541 Seneca
273 3482 391 3558 Apocol.
415 3484 449 3556 8,
473 3483 502 3540 2.
544 3481 679 3541 Silanum
693 3482 788 3556 enim,
810 3501 954 3559 generum
969 3500 1070 3556 suum,
1086 3483 1201 3542 occidit.
1217 3502 1282 3557 oro,
1296 3501 1384 3559 prop·

103 3595 149 3649 ter
170 3589 264 3667 quid?
286 3607 416 3648 sororem
437 3606 538 3662 suam,
567 3588 793 3648 festivissimam
814 3589 944 3648 omnium
967 3590 1150 3666 puellarum,
1172 3609 1262 3667 quam
1282 3607 1384 3648 omnes

104 3696 252 3755 Venerem
272 3701 425 3769 vocarent,
447 3695 553 3753 maluit
574 3695 719 3755 Iunonem
739 3714 855 3755 vocare.

146 3802 254 3861 Seneca
275 3801 292 3860 l.
314 3802 331 3860 ί.
354 3804 404 3876 10,
425 3803 453 3860 4.
487 3808 519 3861 ut
530 3802 729 3862 occideret-
741 3821 832 3862 unum
843 3804 1020 3879 abnepotem
1032 3803 1184 3879 (Augusti)
1196 3803 1229 3861 L.
1242 3801 1383 3861 Silanum.

144 3909 204 3967 Da'o
225 3908 307 3984 opud
328 3909 400 3967 Ζοιο.
421 3908 473 3966 XI
489 3911 528 3967 10
543 3928 576 3985 p.
599 3912 672 3969 468.
717 3909 761 3995 (οἱ
784 3906 1002 3995 ἀπελεύθεροι)
1022 3907 1175 3979 δείσαντες
1191 3907 1241 3971 τὸν
1254 3907 1384 3971 Σιλανὸν

103 4014 161 4079 ὑπὸ
185 4020 236 4079 τοῦ
261 4014 412 4079 Κλαυδίου
435 4015 602 4092 τιμώμενον
627 4016 664 4086 ὡς
688 4014 783 4096 οίνδρα
807 4013 951 4092 dyada,
976 4011 1046 4093 ίίμα
1071 4016 1102 4079 δὲ
1126 4015 1178 4079 καί
1198 4016 1252 4088 την
1268 4016 1385 4078 Ὀκτα·

104 4121 176 4199 βίαν
207 4121 261 4194 την
293 4119 454 4201 θυγατέρα
486 4124 578 4186 αὐτοῦ
603 4161 644 4170 -
669 4124 709 4202 τῷ
736 4123 867 4202 Δομιτίῳ
894 4120 1118 4202 τρομνύμενοι,
1151 4119 1383 4198 ἐγγεγυημένην

104 4229 144 4308 τῷ
176 4229 315 4308 Σιλανῷ,
347 4225 486 4292 πείθουσι
517 4229 566 4293 τὸν
598 4230 747 4293 Κλαύδιον
779 4231 816 4300 ὡς
847 4228 1087 4307 ἐπιβουλεύοντα
1119 4229 1143 4293 οἱ
1173 4230 1221 4293 τὸν
1254 4228 1384 4292 Σιλανύν

104 4336 292 4398 ύτοκτεῖναι.
1138 4417 1139 4421 ¹

145 4441 276 4518 (Seneca)
303 4441 424 4501 Octavio
443 4445 500 4502 147
520 4462 581 4519 sqq.
622 4443 750 4503 feminae
772 4451 819 4503 est
839 4463 948 4504 munus
970 4445 1058 4504 datus
1080 4444 1214 4518 Silanus,
1235 4451 1266 4504 et
1280 4439 1385 4504 cruore

103 4549 235 4609 foedavit
255 4568 309 4610 suo
331 4550 446 4610 Patrios
467 4557 605 4628 penates,
627 4551 761 4610 criminis
781 4553 844 4611 ficti
865 4570 943 4612 reus.

105 4746 200 4809 dabat,
223 4761 285 4796 nam
310 4751 415 4810 propter
437 4748 546 4796 assidue
565 4747 590 4795 id
609 4752 715 4796 tanturn
770 4749 854 4798 credo.
877 4750 919 4798 Me
942 4751 1029 4799 iudice
1051 4751 1129 4799 verba
1147 4751 1385 4813 inque-consolata

105 4830 133 4882 in
150 4834 289 4884 consulatu
307 4847 323 4880 a
340 4830 450 4884 Claudio
468 4832 570 4883 factum
587 4847 644 4882 esse
662 4847 715 4881 non
769 4848 830 4882 curn
863 4833 1013 4898 Nipperdey
1039 4834 1071 4882 ad
1098 4834 1156 4883 Tac.
1183 4834 1251 4882 Anu.
1277 4834 1325 4883 Xll
1352 4834 1385 4882 25
