3322 5512
776 324 813 383 29

155 510 303 585 sestertii
336 510 444 584 vicies
477 519 683 606 prosecutus
708 509 965 583 commendavit
990 509 1134 606 insuper
1159 511 1369 586 exercitibus
1394 536 1436 585 ac
1531 515 1570 589 C.
1597 522 1628 591 6.

155 634 290 709 senatui
322 635 521 732 populoque
554 634 597 707 R.
631 633 722 707 inter
756 642 891 708 ceteras
925 634 1200 709 necessitudines
1226 635 1438 709 nominatim.

201 761 282 836 VII.
333 760 406 835 Sub
453 758 545 833 Gaio
591 758 731 832 demum
777 758 895 832 fratris
915 822 917 827 .
941 759 1033 851 tilio,
1085 760 1275 833 secundam
1322 759 1439 834 existi-

154 885 341 958 mationem
388 883 479 957 cirea
516 882 615 956 initis
653 883 786 979 imperii
825 883 986 957 omnibus
1024 884 1204 957 lenociniis
1238 884 1439 980 colligente,

154 1009 303 1083 honores
336 1008 538 1105 auspicatus
572 1008 791 1081 consulatum
825 1007 937 1102 gessit
971 1032 1041 1081 una
1075 1031 1138 1105 per
1167 1008 1257 1083 duos
1281 1033 1439 1083 menses,

196 1225 275 1284 Suet.
301 1226 368 1285 Gai.
390 1229 437 1285 15.
478 1225 661 1285 Incendebat
682 1231 712 1284 et
733 1225 798 1301 ipse
820 1223 920 1284 studia
940 1225 1095 1283 hominnm
1117 1225 1197 1283 omni
1218 1243 1327 1301 genere
1345 1243 1439 1301 popu·

153 1333 288 1392 laritatis.

193 1439 254 1498 Dio
277 1442 332 1513 59,
355 1441 391 1513 3,
413 1441 437 1498 1.
460 1437 764 1519 δημοκρατικώτατὺς
780 1462 814 1503 τε
829 1437 890 1519 pap
904 1432 1032 1503 111111τὺ
1046 1439 1153 1519 πρῶτοι
1166 1437 1259 1521 δόξας
1272 1439 1305 1524 (o‘
1318 1437 1438 1526 Piros).

221 1591 237 1622 „
295 1591 311 1621 „
361 1548 499 1621 6,1.=
521 1546 593 1605 Zon.
622 1547 672 1605 XI
698 1547 858 1622 511449.
900 1545 969 1616 τοὺς
993 1544 1166 1623 βουλευτὰς
1184 1583 1230 1596 -
1250 1544 1356 1609 πολλοὶ
1373 1546 1439 1609 ἐκο-

155 1652 296 1718 sinevae.

196 1760 274 1819 Suet.
301 1758 368 1819 Gai.
390 1761 437 1818 15.
466 1764 606 1835 patrurun
634 1759 809 1834 Claudium,
837 1760 969 1837 equitem
999 1760 1166 1820 Romanmn
1191 1760 1282 1820 adid
1303 1766 1438 1836 tempus,
1505 1818 1508 1824 .

155 1868 300 1942 collegam
322 1865 379 1924 sibi
399 1866 432 1923 iu
453 1867 608 1939 considatu
628 1866 793 1942 assumpsit
814 1865 939 1944 (Gaius).

196 1973 275 2032 Suet.
303 1972 370 2032 Gai.
393 1974 437 2031 17.
480 1971 659 2031 Consulatus
690 1978 830 2049 quattuor
857 1974 966 2049 gessit,
995 1974 1126 2050 primum
1152 1992 1191 2033 ex
1212 1973 1278 2033 Kal.
1305 1973 1364 2032 dul.
1386 1991 1440 2049 per

155 2079 229 2138 dnos
249 2097 379 2139 menses
808 2062 811 2067 ’

192 2186 253 2244 Dio
275 2188 329 2259 59,
359 2188 393 2260 6,
415 2187 434 2243 6
455 2210 496 2235 =
519 2185 591 2243 Zon.
620 2185 682 2259 Xl,
713 2188 732 2243 5
744 2205 778 2262 p.
801 2188 871 2245 449.
914 2186 1016 2260 ἐπειδὴ
1056 2188 1160 2252 ἐκεῖνοι
1196 2186 1351 2273 (Πρόκλος
1385 2186 1438 2251 ssi

155 2291 316 2377 Nr'yprros)
350 2290 399 2355 τὸν
431 2286 558 2369 inpuros
589 2292 620 2362 ἐς
651 2282 681 2354 ‘ir
712 2292 941 2374 άπεδεὺείχατο
974 2293 1114 2376 diripiat,
1147 2291 1280 2367 111τωὺ11
1305 2293 1438 2358 111ὑαὺ-

157 2399 206 2471 τὺς
237 2399 407 2472 ὑπάτευσε,
439 2398 489 2463 τὸν
521 2398 670 2464 Κλαύδιον
702 2399 752 2463 τὸν
780 2397 863 2464 &sior
889 2400 1092 2481 missaticis,
1124 2396 1208 2472 οὗτος
1232 2399 1293 2480 γάρ
1317 2400 1437 2464 -11111

153 2507 326 2571 induraret
350 2500 421 2583 ἅμα
445 2505 496 2569 nul
520 2507 709 2584 ἐβούλευσεν.

192 2615 252 2673 Dio
276 2617 331 2688 59,
356 2617 386 2688 7,
408 2616 434 2672 9.
476 2612 570 2679 csib'
595 2611 684 2687 οὑτως
708 2615 737 2677 ἕν
761 2622 798 2695 τῇ
823 2613 956 2698 ὑπατείᾳ
981 2612 1097 2698 ἔπραξε
1121 2615 1153 2700 (ὑ
1178 2614 1303 2700 Piros),
1328 2614 1377 2679 δὺο
1402 2638 1436 2678 τε

154 2720 303 2798 urrinni
328 2719 454 2801 ἡμέραις
479 2720 595 2785 δώδεκα
620 2722 716 2795 stiriis
741 2721 835 2801 τχὺν.

185 2975 311 3024 sestertii.
351 2974 389 3022 ita
414 2978 486 3023 recte
511 2973 637 3037 Rothius,
664 2972 765 3024 Crono·
820 2974 854 3023 IV
871 2973 913 3038 8),
931 2974 1059 3024 Claudius
1077 2980 1168 3037 postea
1185 2973 1318 3023 Neronem
1332 2973 1437 3035 imperii

153 3059 225 3108 vium
248 3063 369 3122 secutus,
393 3059 476 3108 edidit
497 3074 542 3121 pro
560 3059 633 3109 codd.
652 3058 765 3108 lectione
819 3059 872 3108 iarn
898 3073 1021 3121 capacem
1048 3073 1105 3108 esse
1131 3058 1273 3108 declaravit
1298 3057 1369 3119 (Zon.
1387 3057 1438 3120 Xl,

153 3145 321 3207 sestertium,
355 3159 418 3193 narn
444 3144 599 3192 sestertium
633 3158 694 3193 cnm
720 3144 767 3192 ad-

153 3228 241 3278 verbio
267 3228 399 3277 numerali
416 3228 589 3277 coniunctum
607 3227 766 3290 declinatur,

155 3316 183 3360 ut
205 3314 301 3362 docent
322 3312 387 3376 loci,
413 3312 457 3361 ubi
475 3311 614 3361 Ablativus
631 3311 768 3360 iuvenitur

153 3398 216 3462 Aug.
238 3397 279 3446 11.
304 3396 370 3447 Caes
384 3396 425 3446 50.
443 3397 498 3446 Tib.
513 3396 553 3446 18.
578 3395 626 3446 Gai
640 3394 680 3445 39.
705 3397 765 3445 Ner.

153 3479 191 3530 17,
226 3481 342 3530 Genitivi
373 3482 526 3544 exemplum
558 3484 663 3544 praeter
695 3479 768 3529 hunc

152 3567 238 3616 locum
248 3573 275 3616 et
284 3567 351 3631 Aug.
361 3565 406 3615 30:
415 3568 585 3628 margaritus
595 3551 780 3629 quinqenttes‘

152 3653 268 3701 sestertii
277 3648 338 3713 (boc
347 3667 454 3714 quoque
463 3667 494 3700 ex
504 3651 690 3700 emendatione
700 3649 766 3698 Gro-

153 3737 220 3785 novii
253 3751 298 3799 pro
324 3734 491 3797 sestertium)
518 3735 586 3798 apud
613 3734 686 3785 Suet.
714 3749 767 3783 non

152 3820 299 3884 invenitur,
332 3825 418 3870 exstat
443 3825 535 3870 tamen
552 3820 606 3868 Liv.
625 3818 670 3881 45,
689 3816 766 3881 1,1;

111 3926 114 3933 ’
151 3905 296 3956 Sasernam
322 3907 439 3955 sestertii
463 3906 549 3954 decies
572 3905 603 3953 in
627 3904 765 3953 aerarium

152 3993 253 4041 intulit.
272 3990 324 4040 Cic.
343 3990 410 4039 Phil.
429 3989 460 4052 1,
477 3987 524 4052 37,
542 3988 587 4037 95:
606 3987 767 4050 syngrapha

151 4077 269 4126 sestertii
291 4077 391 4125 centies
413 4090 465 4138 per
482 4077 581 4137 tequtos
599 4073 680 4135 factu.
706 4071 766 4121 Seu.

153 4161 257 4220 eraest.
282 4162 342 4210 Nat.
360 4160 389 4223 1,
416 4159 463 4223 16,
489 4159 519 4208 l:
546 4160 683 4208 bominem
702 4175 766 4207 uua-

152 4262 229 4311 rum,
247 4248 367 4296 sestertii
383 4247 476 4296 mittes
494 4259 609 4295 servum.

184 4332 428 4381 commendauit-
443 4331 604 4380 enercitibus
612 4345 644 4379 uc
652 4329 766 4379 senatui.

152 4416 217 4466 haec
235 4432 288 4466 non
306 4421 389 4466 estes
402 4416 609 4478 commendatio,
628 4430 681 4478 qua
694 4414 766 4476 prin-

152 4500 220 4564 cipes
230 4501 297 4551 srlios
306 4516 367 4551 suos
377 4502 417 4550 vel
427 4501 454 4549 in
464 4500 657 4550 successionem
664 4500 767 4562 imperii

152 4586 245 4636 ascitos
276 4570 397 4636 senatui'
413 4585 598 4636 commendare
631 4586 765 4647 solebant,

821 3143 868 3207 11,
895 3159 918 3206 p.
945 3143 1020 3206 171),
1046 3141 1437 3193 1111011111118181111118

821 3228 843 3276 Α
860 3228 877 3277 5
895 3244 926 3271 =
944 3225 980 3277 11¹
997 3227 1077 3291 1081,
1108 3227 1241 3289 (Tiberius
1264 3228 1335 3276 enim
1354 3232 1437 3276 testa-

821 3317 912 3362 mento
937 3328 984 3362 suo
1008 3314 1182 3376 indicaverat,
1208 3318 1238 3361 ut
1261 3317 1370 3375 nepotes
1388 3312 1437 3361 sibi

821 3398 994 3447 succederent
1018 3397 1062 3458 (cl.
1087 3396 1159 3446 Suet.
1185 3396 1240 3446 Gai.
1257 3396 1297 3446 11.
1315 3397 1436 3447 Mornms

821 3482 882 3532 stu.
905 3480 942 3530 11³
965 3480 1031 3530 1135
1054 3482 1076 3530 Α
1101 3481 1117 3530 5
1142 3497 1172 3524 =
1197 3478 1233 3530 11²
1258 3479 1362 3543 teratu
1392 3482 1437 3530 sed

822 3568 872 3617 hac
896 3567 1125 3616 commendatione
1142 3567 1262 3616 Tiberius
1280 3567 1437 3630 declaravit,

821 3652 963 3702 Claudiurn
981 3667 1034 3700 non
1053 3651 1186 3714 privatum
1197 3666 1270 3714 esse,
1288 3652 1332 3700 sed
1346 3652 1437 3701 domui

821 3753 884 3788 snae
920 3738 1152 3787 adnumerandum
1186 3738 1328 3800 debitaque
1362 3751 1437 3786 reve-

821 3824 907 3871 rentia
924 3823 1065 3872 colendum
1083 3837 1149 3873 esse.
1166 3824 1199 3872 cf.
1217 3822 1337 3879 Momms
1355 3820 1438 3871 1.1.113

821 3906 870 3956 810
887 3908 909 3956 Α
927 3907 941 3956 1
962 3906 1120 3956 :112793

855 3992 913 4041 Huc
938 3994 1054 4055 pertinet
1078 3993 1118 4057 id,
1144 3994 1216 4057 quod
1232 3993 1339 4042 Tacitus
1356 3989 1437 4053 (dnn.

821 4076 855 4125 Vl
885 4075 929 4138 16)
956 4077 1078 4140 tradidit,
1109 4077 1244 4126 Tiberium
1270 4078 1348 4140 paulo
1375 4082 1437 4125 ante

821 4162 923 4209 exitum
948 4177 1028 4210 snum
1052 4163 1080 4210 in
1104 4163 1192 4211 animo
1214 4162 1338 4211 habuisse
1356 4159 1436 4208 Clau-

821 4245 895 4294 diurn
913 4259 1091 4294 successorem
1109 4245 1158 4294 sibi
1175 4245 1340 4307 relinquere,
1359 4257 1436 4291 men-

821 4335 876 4379 tern
903 4335 993 4378 tamen
1017 4330 1190 4379 imminutam
1214 4329 1271 4378 eius
1295 4328 1435 4378 obstitisse.

854 4415 927 4463 inter
944 4421 1046 4463 ceteras
1064 4415 1282 4464 necessitudines.
1318 4415 1436 4477 cogitan-

820 4498 885 4546 dum
903 4504 943 4547 est
964 4499 995 4548 de
1011 4500 1144 4549 sororibus
1162 4498 1219 4547 Gaii
1237 4497 1355 4547 Caesaris
1369 4499 1437 4547 lulla

820 4582 976 4648 Agrippina,
1001 4585 1068 4632 lulia
1090 4584 1220 4647 Drusilla,
1245 4583 1312 4631 lulia
1336 4583 1436 4632 livilln.

153 4674 183 4717 ut
204 4670 343 4733 Augustus
366 4668 555 4719 Germanicum
578 4667 637 4729 (Dio
656 4667 701 4731 56,
718 4667 765 4731 16,
819 4678 835 4706 ἐ
854 4669 1003 4717 lenociniis.
1033 4668 1169 4717 >lenocinia
1201 4671 1265 4716 sunt
1295 4667 1435 4715 verborum

152 4752 193 4818 1),
209 4754 330 4803 Tiberius
346 4759 453 4816 nepotes
465 4754 597 4803 Neronem
609 4758 636 4801 et
649 4753 765 4802 Drusum
819 4751 1005 4815 factorumque
1028 4753 1178 4816 illecebrae,
1202 4757 1279 4814 aptae
1296 4752 1328 4799 ad
1353 4767 1436 4814 popu·

152 4839 347 4888 commendarit
369 4838 453 4900 (Suet.
477 4838 532 4888 Tib.
555 4837 595 4887 51.
618 4839 678 4888 Tac.
696 4837 764 4886 111111.
819 4839 876 4886 lum
894 4837 943 4887 sibi
961 4837 1164 4900 conciliandum,
1182 4836 1214 4885 cl.
1233 4835 1298 4885 Suet
1315 4833 1370 4884 Gai.
1388 4833 1435 4887 39:
