3322 5512
183 580 190 596 .
283 532 382 598 extra
407 523 562 598 ordinem
588 524 799 618 adiceretur,
835 526 970 600 censuit
995 535 1029 599 et
1054 549 1135 600 mox
1163 534 1199 599 ut
1224 526 1349 600 domus
1375 526 1424 621 ei,
1458 551 1564 622 quam

281 649 439 724 incendio
466 649 648 743 amiserat,
683 650 823 746 publica
848 651 1007 747 impensa
1032 652 1290 744 restitueretur,
1323 651 1564 748 dicendaeque

279 775 369 849 inter
394 775 597 848 consulares
623 775 815 849 sententiae
839 777 896 849 ius
921 785 1024 850 esset.
1059 776 1163 865 Quod
1189 776 1368 851 decretum
1394 777 1564 850 abolitum

280 909 350 994 est,
377 908 567 974 excusante
594 900 735 974 Tiberio
761 901 1033 975 imbecillitatem
1060 901 1136 975 eius
1161 925 1204 975 ac
1226 901 1394 975 damnum
1412 902 1564 975 liberali-

279 1034 351 1099 tate
377 1047 442 1097 sua
466 1033 681 1098 resarturum
707 1025 901 1121 pollicente.
929 1025 999 1115 Qui
1025 1035 1141 1099 tamen
1168 1025 1318 1099 moriens
1344 1035 1378 1099 et
1399 1025 1435 1098 in
1453 1026 1566 1100 tertiis

279 1150 467 1224 heredibus
492 1173 572 1223 eum
598 1159 767 1246 exparte
792 1150 897 1224 tertia
922 1159 1177 1247 nuncupatum,
1202 1151 1320 1245 legato
1346 1151 1451 1246 etiam
1473 1151 1567 1224 circa

281 1458 402 1507 Alterum
426 1459 578 1521 exemplum
602 1459 766 1508 reverentiae
784 1462 894 1507 senatus

281 1558 344 1606 erga
367 1542 511 1592 Claudium
528 1542 611 1591 tradit
628 1542 688 1591 Tac.
706 1543 773 1591 Anu.
792 1542 828 1590 lll
846 1540 893 1606 18,

281 1642 391 1676 narrans
414 1632 538 1677 senatum
556 1628 655 1690 gratias
670 1627 755 1690 egisse
776 1626 893 1690 Tiberio,

282 1713 384 1776 Liviae,
411 1712 542 1761 Antoniae
565 1717 592 1760 et
616 1711 786 1774 Agrippinae,
809 1712 894 1761 Druso

280 1802 308 1846 et
320 1796 429 1846 Claudio
442 1797 475 1846 ob
487 1797 629 1846 vindictam
640 1795 797 1846 Germanici.
818 1795 893 1854 Quod

281 1882 392 1931 fortasse
417 1887 512 1945 sponte
536 1881 626 1930 omisit
649 1878 806 1942 Suetonius,
832 1896 893 1930 cum

281 1966 356 2015 initio
374 1965 477 2015 Claudii
495 1967 594 2016 mentio
612 1981 665 2014 non
684 1966 754 2014 lacta
767 1969 837 2014 esset
849 1963 893 2024 (cf.

280 2050 367 2099 Tacl
395 2049 431 2112 l.).

313 2142 392 2185 extra
407 2137 541 2186 ordinem.
565 2138 582 2186 i.
598 2152 620 2185 e.
638 2139 714 2184 extra
731 2140 844 2198 sortem,
861 2134 893 2184 cf.

280 2221 512 2270 Tac.Ann.154.

312 2306 528 2368 domus—quam
538 2305 662 2353 incendio
675 2305 814 2354 amiserat.
839 2303 894 2353 Gil-

279 2391 346 2439 bert.
373 2386 542 2451 (Geschichte
567 2389 619 2436 und
644 2387 825 2450 Topographie
848 2388 894 2436 der

280 2474 358 2525 Stadt
382 2473 469 2535 Rom.)
493 2475 528 2522 ΙΙΙ
554 2489 577 2536 p.
596 2470 645 2521 318
663 2472 693 2520 Α.
712 2470 725 2519 1
746 2472 894 2534 suspicatus

280 2565 327 2622 est,
338 2561 447 2610 domum
455 2559 558 2609 Claudii
569 2559 597 2606 in
607 2561 698 2607 monte
708 2555 796 2605 Caelio
805 2557 894 2620 fuisse,

280 2658 341 2692 curn
374 2649 464 2707 postea
495 2643 626 2704 templum
659 2641 717 2690 eius
743 2641 779 2689 ibi
804 2641 894 2690 fuerit.

280 2727 328 2777 Cui
352 2728 493 2791 suspicioni
512 2741 640 2790 perquam
652 2727 769 2775 incertae
779 2741 812 2774 ne
822 2726 894 2776 favet

280 2813 396 2876 quidem,
407 2812 477 2875 quod
487 2816 590 2861 constat
599 2812 649 2861 sub
657 2810 760 2860 Tiberio
771 2826 793 2859 a.
803 2808 893 2874 ittotai

281 2903 398 2948 montem
409 2896 529 2946 Caelium
542 2897 668 2946 deustum
678 2910 750 2957 esse,
764 2895 894 2958 pretium·

280 2998 333 3047 que
357 2983 511 3032 restitutum
536 2996 593 3030 esse
617 2996 632 3030 a
655 2980 758 3029 Tiberio
780 2980 894 3029 dominis

279 3068 437 3116 insularum.
464 3067 496 3115 cf.
523 3066 582 3115 Tac.
609 3065 677 3114 Ann.
699 3064 732 3114 lll
750 3063 796 3114 dd:
820 3066 894 3126 ipnis

278 3152 406 3201 violentia
432 3151 528 3199 urbem
552 3150 626 3199 ultra
651 3150 761 3198 solitum
788 3149 894 3212 affecit,

279 3237 372 3286 deusto
389 3241 480 3284 monte
490 3234 594 3293 Caelia·
612 3233 895 3296 feralemqueannum

280 3320 406 3383 serebant
422 3325 448 3369 et
465 3319 601 3368 ominibus
611 3319 895 3380 aduersissusceptum

277 3406 400 3468 principi
410 3405 482 3454 consi
486 3405 554 3453 lium
563 3404 785 3467 absentiae,-ni
796 3403 895 3452 Caesar

185 3485 187 3490 ’
279 3492 384 3540 obuiam
401 3490 465 3538 isset
481 3488 625 3538 tribuendo
634 3490 806 3550 pecuniaserc
814 3489 895 3539 modo

279 3575 446 3626 detrimenti.
464 3573 536 3624 Suet.
552 3574 607 3624 Tib.
618 3573 659 3623 48.
677 3575 746 3623 Nam
756 3574 894 3637 exverbis,

280 3675 349 3724 (puae
372 3659 430 3709 Tae.
449 3661 466 3708 l.
482 3661 499 3707 l.
522 3663 686 3722 sequuntur:
712 3659 849 3722 Actaeone
870 3659 895 3707 ei

279 3751 371 3808 prutes
382 3745 457 3807 apud
466 3750 591 3793 senatum
600 3745 635 3793 ab
642 3744 795 3793 illustribus
802 3743 893 3805 fama-

279 3845 331 3894 que
342 3831 417 3892 apud
432 3830 582 3892 populum,
596 3831 663 3891 quia
675 3829 733 3878 sine
746 3829 896 3878 ambitione

278 3923 327 3964 aut
333 3917 528 3978 proaimorum
538 3917 677 3978 precibus,
695 3916 799 3976 innotos
809 3915 895 3964 etiam

279 4007 305 4050 et
335 4003 407 4050 ultro
435 4001 532 4050 accitos
557 4000 748 4062 munificentia
775 4001 895 4061 iuverat,

279 4091 352 4150 patet
385 4085 520 4135 Tiberium
554 4088 649 4147 sponte
683 4083 894 4133 munificentiam

279 4172 443 4234 exhibuisse,
482 4175 625 4233 nostroque
659 4170 743 4233 igitur
777 4170 832 4218 loco
863 4170 895 4218 de

279 4257 400 4305 incendio
416 4256 479 4304 anni
498 4253 588 4319 tsolnt
607 4269 756 4304 sermonem
767 4269 819 4303 non
829 4268 894 4302 esse.

312 4341 443 4390 dicendae
469 4341 541 4389 inter
566 4341 720 4389 consulares
738 4339 895 4388 sententiae.

280 4426 423 4477 Suetonius
456 4431 559 4489 partem
594 4426 692 4474 decreti
727 4424 829 4486 omisit,
868 4425 895 4472 in

279 4515 389 4560 senatus
412 4512 532 4560 consulto
551 4511 623 4559 enim
642 4510 770 4572 scriptum
789 4522 896 4571 quoque

279 4596 374 4645 fuisse:
393 4601 423 4644 ut
442 4594 571 4644 Claudius
590 4600 700 4643 senator
714 4599 795 4655 esset,
814 4608 860 4656 per
868 4607 895 4641 se

280 4685 367 4743 patet,
385 4695 446 4729 cum
465 4680 506 4728 bis
521 4679 671 4727 verbisnon
681 4678 778 4727 additis
787 4680 896 4726 senatus

280 4766 432 4814 consultum
451 4765 552 4813 bonum
570 4778 678 4813 sensum
690 4778 741 4812 non
752 4762 895 4812 habuisset.

279 4849 388 4900 Claudio
413 4850 496 4916 igitur
520 4852 630 4900 senatus
653 4848 746 4897 eadem
766 4846 895 4912 decrerit,

948 1472 1018 1521 quae
1041 1459 1105 1506 olim
1123 1458 1245 1521 Augusto
1262 1459 1325 1507 data
1342 1464 1434 1514 erant,
1452 1459 1480 1507 cf
1494 1459 1564 1509 Mon.

948 1542 1045 1606 Ancyr.
1062 1541 1092 1605 1,
1110 1540 1139 1591 3:
1160 1540 1294 1605 [senlatus
1311 1544 1424 1593 decretis
1442 1540 1565 1604 honorii-

948 1625 1023 1689 silcis
1047 1628 1077 1677 in
1100 1628 1226 1677 ordinem
1243 1642 1325 1677 suum
1343 1625 1398 1689 [me
1414 1628 1518 1690 adlepit
1538 1625 1565 1676 C.

947 1712 1079 1761 PansaA.
1097 1709 1203 1774 Hirti]o
1222 1708 1388 1772 consolidatis
1401 1708 1565 1773 clon[sula]-

948 1811 1008 1847 rem
1037 1798 1125 1846 locum
1151 1794 1313 1858 dementiae
1338 1797 1467 1846 dicemrlae
1492 1796 1565 1845 mihi

947 1880 1043 1943 dans];
1068 1881 1114 1930 irbi
1140 1878 1241 1935 Graeca
1267 1880 1351 1929 versio
1370 1880 1463 1929 babet:
1488 1875 1516 1928 ἓν
1533 1884 1565 1943 τῇ

948 1962 1018 2023 τάξει
1027 1968 1081 2013 τῶν
1094 1961 1265 2030 ὑπατ[ικῶ]ν
1275 1961 1345 2028 [ἅμα
1356 1959 1400 2028 τ]ὁ
1411 1961 1565 2028 σ[υμβου]-

947 2047 1032 2098 λεύειν
1056 2046 1148 2098 δοῦσα.
1182 2050 1214 2099 cl.
1233 2051 1354 2099 Momms.
1379 2049 1439 2100 StR.
1466 2048 1490 2098 Ii
1516 2047 1565 2098 458

948 2136 969 2184 A
987 2134 1003 2183 3
1022 2132 1167 2183 :1²de¹
1186 2135 1222 2183 Ex
1241 2135 1364 2184 hocloco
1383 2135 1563 2198 colligendum

949 2225 1002 2283 est,
1033 2220 1073 2282 id,
1103 2219 1174 2282 quod
1204 2218 1348 2268 Suetonius
1377 2234 1457 2283 supra
1480 2223 1513 2279 tc.
1538 2217 1565 2280 5)

948 2305 1072 2354 tradidit:
1107 2304 1232 2353 Tiberius
1256 2329 1289 2336 —
1312 2305 1418 2366 petenti
1451 2304 1566 2353 honores

949 2390 1104 2440 consularia
1121 2394 1284 2438 ornamenta
1301 2388 1415 2448 detulit;
1440 2392 1499 2451 post
1516 2388 1566 2438 hoc

949 2480 1058 2524 senatus
1076 2475 1228 2523 consultum
1247 2474 1349 2523 iactum
1367 2487 1439 2536 esse,
1463 2473 1566 2523 Tiberi·

950 2573 1062 2622 umque,
1076 2562 1185 2607 senatus
1197 2559 1318 2607 consulto
1331 2557 1442 2620 abolito,
1455 2556 1566 2607 Claudio

948 2646 976 2693 in
1004 2643 1133 2692 solacium
1159 2647 1316 2692 ornamenta
1343 2641 1495 2691 consularia
1519 2641 1565 2690 de-

948 2729 1026 2782 disse.
1053 2725 1135 2789 (Haec
1152 2743 1259 2791 quoque
1280 2728 1385 2777 videtur
1404 2741 1461 2776 esse
1477 2727 1565 2790 opinio

949 2813 1106 2863 Momrnseni
1122 2811 1183 2861 StR.
1198 2810 1222 2861 1³
1237 2811 1287 2861 lot
1302 2812 1323 2861 Α
1337 2810 1353 2859 3
1367 2810 1565 2875 :1²443A1).

982 2899 1122 2948 abolitum.
1167 2899 1430 2947 senatusconsultum
1465 2898 1562 2961 igitur,

949 2983 1081 3033 delatione
1098 2983 1131 3031 ad
1149 2983 1281 3031 aerarium
1301 2982 1353 3030 iam
1370 2983 1454 3046 faeta,
1473 2987 1563 3032 ratum

948 3072 1019 3130 erat,
1037 3083 1124 3131 neque
1144 3067 1265 3116 Tiberius
1277 3071 1356 3116 antea
1369 3068 1564 3117 intercesserat.
1626 3108 1629 3113 .

947 3154 1025 3203 Nunc
1057 3157 1148 3202 tamen
1184 3158 1292 3202 auctore
1326 3152 1428 3201 Tiberio
1455 3156 1565 3201 senatus

949 3238 1078 3300 decrevit,
1103 3242 1133 3285 ut
1151 3239 1414 3287 senatusconsultum
1435 3238 1468 3285 de
1485 3236 1565 3286 Clau-

949 3324 990 3372 dio
1011 3327 1090 3372 antea
1103 3322 1203 3371 factum
1217 3323 1402 3385 induceretur,
1419 3320 1566 3384 tabulaque

949 3409 976 3456 in
1001 3421 1055 3470 qua
1081 3407 1255 3469 perscriptum
1281 3410 1339 3456 erat
1356 3407 1498 3455 deleretur.
1526 3404 1565 3454 Cf.

949 3491 1014 3541 Caes
1039 3491 1085 3540 lo:
1112 3492 1221 3540 inducto
1246 3492 1341 3553 priore
1367 3491 1478 3540 decreto.
1505 3489 1565 3540 Tac.

949 3576 1017 3625 Anu.
1035 3576 1083 3638 Vl,
1101 3575 1130 3624 ⁶2:
1149 3590 1238 3638 neque
1253 3581 1284 3624 ut
1301 3577 1374 3624 ultra
1387 3575 1566 3625 abolitionem

949 3661 1099 3710 sententiae
1129 3661 1262 3709 suaderet.
1294 3659 1413 3709 Momms.
1444 3658 1505 3709 StR.
1529 3660 1566 3708 Ill

948 3743 1030 3807 1011,
1047 3744 1069 3792 Α
1087 3743 1110 3793 1.

984 3829 1070 3878 tertiis
1085 3829 1237 3878 heredibus.
1253 3829 1331 3891 primi
1346 3833 1423 3877 erant
1440 3827 1522 3877 Gaius
1539 3832 1568 3876 et

948 3913 1068 3962 Tiberius
1081 3913 1160 3962 Drusi
1173 3911 1245 3962 filius
1258 3913 1350 3976 aequis
1363 3911 1481 3975 partibus
1490 3911 1518 3974 (l.
1527 3912 1566 3972 1.).

984 3998 1078 4058 leuato.
1111 3998 1144 4047 ct.
1169 3997 1224 4046 Tib.
1253 3995 1297 4045 76:
1326 3997 1401 4046 dedit
1427 4002 1453 4045 et
1472 3997 1566 4059 lepata

947 4084 1094 4145 plerisque.
1130 4083 1243 4145 Legata,
1280 4095 1445 4144 quamquam
1478 4081 1566 4144 ipsum

949 4173 1143 4217 testamentum
1184 4168 1281 4217 Tiberii
1315 4167 1445 4230 abolevit,
1485 4164 1567 4215 Gaius

950 4253 1082 4315 persolvit.
1108 4252 1140 4300 cf.
1165 4250 1238 4300 Suet.
1266 4251 1323 4300 Gai.
1340 4250 1381 4300 16.
1406 4248 1518 4313 ni059,
1537 4248 1567 4312 1,

950 4337 973 4386 l.
992 4336 1021 4398 ⁸2,
1038 4336 1062 4386 1.

983 4427 1180 4483 nuncupatum.
1215 4420 1247 4470 cf.
1272 4420 1355 4470 Gaius
1379 4420 1402 4469 ll
1426 4418 1490 4469 rol:
1515 4426 1567 4470 tes·

951 4514 1022 4557 tator
1040 4507 1145 4555 tabulas
1163 4507 1317 4556 testamenti
1335 4506 1568 4574 tenensitadicit:

950 4593 1032 4654 „baec
1055 4593 1095 4640 ita
1112 4598 1143 4640 ut
1161 4593 1192 4640 in
1210 4592 1309 4640 tabulis
1327 4591 1448 4653 cerisque
1464 4590 1569 4653 scripta

950 4682 1025 4738 siant,
1051 4676 1092 4724 ita
1109 4677 1156 4739 do,
1184 4678 1224 4724 ila
1242 4677 1314 4738 lepo,
1342 4677 1382 4724 ita
1401 4681 1494 4738 testor,
1512 4676 1567 4724 ita·

951 4776 1003 4825 que
1018 4774 1063 4808 uos
1080 4760 1198 4818 Quirites
1216 4760 1404 4809 testimonium
1419 4759 1489 4808 mibi
1501 4773 1567 4821 per-

952 4843 1081 4894 bibitote''
1099 4851 1124 4893 ct
1143 4845 1190 4893 boc
1207 4844 1309 4894 dicitur
1325 4843 1499 4909 nuncupatio.
