3322 5512
724 359 776 426 163

101 554 311 646 quaesturae
344 551 497 647 quodam
530 551 716 625 candidato
744 553 834 625 inter
859 575 986 626 causas
1012 553 1272 648 suffragationis
1298 577 1384 627 suae
1477 555 1515 628 C.
1543 558 1590 628 to

102 677 232 771 posuit,
259 677 352 772 quod
378 686 476 772 pater
502 677 578 750 eius
604 677 767 772 frigidam
790 701 896 772 aegro
915 677 981 750 sibi
998 678 1205 774 tempestive
1222 678 1387 752 dedisset.

102 799 250 873 Inducta
275 810 364 874 teste
389 801 422 872 in
454 812 597 891 senatu,
634 805 747 892 Haec,
772 802 900 896 inquit,
936 805 1060 874 enutris
1085 827 1179 874 aneae
1208 805 1332 875 liberta
1355 811 1387 876 et

102 930 263 999 oenatria
295 928 383 1017 fuit,
417 931 478 1000 sed
512 952 564 999 ane
590 935 778 1018 patronum
803 951 936 1019 semper
964 930 1175 999 existimavit
1182 954 1193 1015 ;
1226 931 1286 1000 bac
1310 931 1387 1001 ideo

102 1054 195 1140 dini,
222 1056 311 1143 qnod
335 1055 478 1144 quidam
502 1061 584 1125 sunt
609 1055 722 1125 adbuc
747 1056 786 1124 in
812 1057 909 1124 donno
930 1077 1024 1142 inea,
1051 1056 1110 1143 qni
1132 1076 1184 1123 nie
1196 1060 1388 1144 patronum

101 1184 328 1268 amputant.
356 1176 426 1250 Sed
452 1189 487 1249 et
511 1199 574 1272 pro
599 1176 781 1267 tribunali,
807 1177 1030 1250 Ostiensibus
1056 1177 1221 1272 quiddam
1248 1177 1386 1273 publice

102 1300 297 1394 arantibuS,
332 1326 409 1376 cum
444 1302 707 1393 excanduisset‚
743 1301 826 1373 nihil
858 1301 988 1375 habere
1013 1325 1052 1375 se
1079 1301 1287 1376 vociferatus
1314 1312 1384 1394 est,

103 1449 210 1520 quare
248 1449 308 1499 eos
347 1426 583 1518 demereatur3
621 1426 651 1498 si
689 1450 791 1521 quem
833 1427 940 1499 alium
974 1436 1009 1500 et
1042 1449 1080 1499 se
1114 1426 1261 1500 liberum
1295 1450 1383 1500 esse.

104 1553 193 1624 Nam
228 1551 290 1623 illa
315 1551 390 1624 eius
417 1551 590 1625 cotidiana
616 1561 651 1624 et
675 1552 779 1648 plane
805 1551 957 1624 omnium
983 1550 1147 1623 horarum
1173 1560 1207 1624 ct
1232 1573 1384 1624 momen-

102 1686 215 1768 torum
241 1686 357 1749 erant:
389 1678 497 1766 Quid,
523 1701 580 1768 eqo
606 1679 668 1749 tibi
697 1679 895 1768 Telepenius
920 1677 1065 1749 uidcor?
1090 1686 1125 1749 et
1141 1685 1254 1758 nansi,
1271 1685 1322 1748 axi
1340 1688 1383 1761 μὴ

104 1809 250 1886 θίγγανε,
294 1802 472 1896 multaque
488 1813 490 1819 ’
506 1801 591 1874 talia
616 1802 721 1874 etiam
747 1801 894 1896 privatis
919 1800 1104 1892 deformia,
1138 1799 1267 1874 nedum
1292 1799 1385 1898 prin-

102 1925 186 2021 cipi,
221 1949 333 2021 neque
358 1923 546 1999 infacundo
572 1949 685 2021 neque
711 1925 866 2015 indocto,
901 1926 1005 2031 immo
1031 1926 1135 1999 etiam
1161 1925 1385 2022 pertinaciter

102 2049 306 2124 liberalibus
331 2050 456 2124 studiis
482 2051 607 2124 dedita.

135 2248 299 2303 quaesturae
323 2243 444 2305 quadani
467 2243 620 2292 candidato.
647 2248 717 2292 recte

103 2325 216 2374 Rotlrius
234 2326 303 2375 hanc
317 2329 529 2378 emendationem
541 2330 659 2378 Beroaldi
674 2345 717 2378 re-

102 2411 171 2472 ecpit
194 2425 240 2473 pro
258 2411 376 2460 codicum
394 2414 506 2462 lectione
525 2421 667 2476 quaestore
684 2441 717 2449 —

104 2495 257 2543 candidato.
275 2495 344 2543 Nam
362 2504 489 2558 qttaestor
506 2499 669 2547 candidatus
684 2497 715 2560 (si

103 2585 172 2629 recte
198 2580 342 2629 Suetonius
368 2581 406 2629 ita
429 2582 543 2631 scribere
567 2584 654 2646 potuit
671 2599 716 2646 pro

103 2671 229 2727 quaestor
262 2665 424 2715 candidatus
457 2668 605 2730 principis,
645 2670 714 2732 quod

102 2751 225 2813 equidem
252 2765 348 2813 negare
373 2765 424 2798 non
449 2750 548 2812 ausim)
570 2753 716 2802 intantum

103 2835 212 2895 dicitnr,
245 2836 292 2897 qui
320 2835 417 2884 iudicio
443 2837 567 2898 principis
591 2842 718 2900 quaestor

102 2919 189 2968 factus
206 2923 260 2982 est,
278 2934 331 2967 non
350 2920 513 2969 candidatus.
539 2919 716 2984 Oudendorpii

102 3017 162 3050 nero
177 3004 315 3065 explicatio
326 3001 407 3066 (quae
417 3005 517 3066 placuit
528 3003 635 3068 Wolfio,
653 3006 716 3054 Bre-

103 3087 168 3148 mio,
198 3086 531 3150 Baumgarten-Crusio),
557 3089 711 3152 intellegen-

102 3171 167 3219 dum
197 3186 253 3220 esse
280 3178 448 3235 quaestorem
473 3173 518 3222 alii
545 3174 716 3236 magistratus

102 3255 287 3318 candidatum,
305 3257 414 3304 omnino
433 3257 500 3306 falsa
515 3263 568 3321 est,
586 3273 648 3307 cum
658 3273 716 3306 ma-

101 3340 228 3401 gistratus
260 3340 417 3390 candidatus
447 3356 503 3390 esse
536 3357 588 3390 non
621 3343 716 3405 possit,

102 3423 298 3486 dicendumque
315 3425 410 3474 fuisset
428 3428 589 3486 qrtaestoric,
613 3434 616 3439 ”

134 3507 350 3570 suffrenationis.
385 3510 539 3571 suffragatio
565 3525 626 3560 voce
652 3516 680 3559 et
701 3526 716 3560 a

102 3597 240 3654 praesente
268 3591 312 3654 sit,
339 3594 533 3642 commendatio
556 3595 589 3643 de
611 3595 715 3657 scripto.

103 3675 222 3739 Utraque
240 3678 363 3739 cogebat,
382 3683 413 3727 ut
430 3677 610 3726 candidatusu
621 3685 715 3726 senatu

102 3771 244 3823 crearetur,
259 3762 291 3810 cl.
302 3763 343 3810 lex
354 3763 387 3810 de
395 3762 506 3824 imperio
513 3761 588 3823 Vesp.
598 3762 615 3808 l.
626 3761 714 3824 5sqq.:

101 3845 196 3906 utique
220 3859 286 3907 quos
311 3846 649 3907 niaqistrutunr-scnatui
666 3860 715 3907 po-

100 3929 219 3991 puloque
250 3930 373 3980 Romano
398 3931 628 3980 commendaverit
653 3933 716 3992 qui-

103 4013 203 4075 busque
237 4014 464 4077 suffruqutioncni
499 4029 579 4062 suunt
612 4014 717 4062 dederit

101 4098 260 4158 promiserit
299 4112 393 4147 eorum
427 4100 532 4147 canaitis
566 4099 716 4160 quidamque

101 4187 180 4229 extra
197 4182 322 4231 ordinent
340 4184 411 4230 natio
430 4182 570 4232 habeatur.

135 4281 179 4316 nte
201 4273 350 4329 patronum
376 4267 550 4315 enistimauit.
576 4266 609 4315 cf.
634 4266 716 4315 Gaius

102 4350 137 4398 lll
155 4349 201 4399 53:
219 4351 313 4399 eadent
333 4352 376 4399 leae
390 4347 502 4412 (Papia)
514 4357 647 4412 patronae
658 4351 716 4412 lilio

104 4434 195 4482 liberis
229 4435 504 4496 tacueram-patroni
533 4436 596 4483 iura
625 4435 715 4493 (leniit,⁷

101 4518 147 4566 aed
172 4519 202 4566 in
213 4550 215 4553 -
226 4518 306 4566 buius
327 4533 445 4580 peinana
463 4518 645 4567 altemanius
664 4519 714 4580 sitii

102 4601 206 4663 filiaeue
223 4603 266 4650 ius
283 4602 396 4663 sufficit.

134 4686 274 4747 publicai.
293 4701 315 4734 e.
334 4687 382 4734 toti
401 4686 509 4747 civitati,
528 4686 560 4734 cl.
579 4685 650 4735 Caes.
669 4685 715 4734 ao:

100 4769 398 4831 nttllunt—latpitionia
421 4784 507 4830 penus
528 4771 636 4832 publice
657 4772 715 4832 pri-

99 4857 238 4917 uatimque
250 4855 357 4915 onaisit;
370 4854 436 4917 Aug.
445 4853 491 4903 ll:
504 4855 717 4904 Bononiensibus

771 2242 876 2304 publice
892 2268 926 2275 —
943 2245 1065 2304 quatiant
1088 2242 1152 2304 feeit
1171 2241 1335 2290 coniurandi.
1352 2266 1386 2273 ·-

770 2341 822 2388 pro
852 2328 981 2390 partibus
1011 2328 1085 2388 suie;
1113 2325 1160 2375 89:
1191 2332 1338 2389 praecepta
1361 2331 1386 2374 et

771 2413 897 2473 eaentpla
920 2412 1025 2474 publice
1041 2412 1082 2460 vei
1099 2412 1230 2472 priuatim
1247 2410 1369 2459 salubria
1375 2425 1385 2469 ;

771 2497 826 2546 Tib.
845 2495 874 2544 o:
898 2496 1119 2545 Lacedaemoniis
1140 2495 1249 2559 publice
1271 2496 1384 2543 deman-

771 2582 867 2641 datus;
884 2581 930 2629 37:
954 2580 1091 2642 Cyzicenis
1108 2579 1211 2642 publice
1230 2578 1385 2627 libertatem

771 2667 888 2726 autentim
911 2664 956 2714 tt:
979 2665 1087 2728 publice
1109 2662 1328 2725 ntunifieentiant
1346 2663 1385 2711 bis

771 2753 883 2800 oncnino
901 2751 1036 2810 extricata
1054 2748 1114 2798 Ner.
1131 2746 1177 2795 57:
1196 2753 1304 2796 tantum
1316 2761 1384 2809 pau-

771 2836 850 2884 diunt
871 2835 975 2897 publice
999 2833 1133 2895 praebuit.
1158 2831 1204 2892 Sic
1223 2832 1277 2880 iarn
1295 2831 1384 2880 Cicero

771 2919 851 2979 dixit,
875 2917 909 2966 cl.
931 2919 958 2966 in
982 2917 1055 2966 Verr.
1073 2916 1095 2965 V
1113 2915 1158 2964 tt:
1183 2916 1254 2964 bunc
1270 2916 1384 2978 Recinis

768 3003 876 3066 publice
887 3003 1065 3063 imperavisti.
1081 3001 1161 3050 l‘lura
1173 3003 1294 3064 exempla
1305 3002 1384 3049 dede·

772 3091 835 3137 runt
851 3086 1024 3149 Nipp.·Andr.
1043 3087 1082 3134 ad.
1101 3086 1160 3134 Tac.
1178 3085 1246 3134 Ann.
1264 3083 1386 3134 1V3oet

771 3171 888 3220 lleraeus
906 3171 938 3219 ad
956 3170 1014 3219 Tac.
1034 3169 1098 3218 Hist.
1117 3170 1126 3217 l
1145 3167 1186 3216 at.

803 3256 827 3302 ai
840 3270 922 3317 quent
934 3255 1021 3303 alitam
1034 3259 1060 3301 et
1074 3269 1103 3301 sc
1117 3253 1232 3301 liberunt
1243 3267 1306 3303 esse.
1324 3268 1384 3315 pro-

770 3340 920 3387 verbialiter
938 3339 1038 3388 dietum
1057 3352 1116 3400 pro:
1135 3337 1192 3399 cogi
1210 3351 1237 3385 se
1255 3352 1308 3385 non
1321 3338 1383 3399 pati.

771 3424 856 3472 lluius
874 3423 1014 3472 locutionis
1028 3423 1173 3471 Buecheler
1185 3420 1287 3484 (Symb.
1302 3422 1383 3471 Bonn.

771 3523 793 3570 p.
807 3506 851 3569 to)
865 3512 968 3570 praeter
978 3511 1099 3556 nostrum
1113 3508 1201 3555 locum
1213 3507 1266 3555 duo
1277 3507 1384 3555 tantum

770 3594 890 3655 exempla
908 3593 998 3654 alleri,
1016 3590 1076 3640 Seu.
1095 3590 1198 3653 Apocol.
1216 3589 1246 3639 l:
1265 3604 1313 3652 epo
1330 3592 1384 3639 seio

769 3692 813 3727 nte
826 3678 944 3727 liberum
956 3692 1019 3726 esse.
1034 3677 1138 3725 Petron.
1151 3674 1213 3723 tlt:
1232 3691 1280 3725 nec
1292 3676 1384 3725 ntinirs

771 3763 839 3810 libet·
855 3778 916 3811 sum
934 3776 1020 3824 qtrana
1036 3776 1087 3809 uos.
1102 3775 1150 3808 nec
1165 3762 1240 3823 plura
1251 3761 1296 3809 dut
1308 3759 1384 3824 ouo,

770 3847 811 3894 die
829 3845 1021 3908 Spriclrwbrter
1038 3861 1058 3894 s.
1078 3862 1099 3892 u.
1119 3846 1194 3894 liber.

807 3931 970 3993 Telepenius.
996 3931 1074 3980 homo
1091 3931 1245 3994 ceteroquin
1262 3931 1383 3993 ignotuS,

770 4015 816 4077 qui
834 4021 925 4064 tamen
943 4016 1024 4064 huius
1039 4016 1134 4064 aetatis
1144 4015 1295 4063 hominibus
1305 4021 1383 4063 notus

770 4099 852 4146 luisse
876 4098 960 4146 debet.
985 4098 1087 4146 Nomen
1111 4104 1282 4147 serraverunt
1298 4098 1382 4147 Mem-

770 4183 876 4231 minnus
901 4189 928 4231 et
953 4182 1087 4232 Medieeus
1109 4188 1183 4245 tert,
1209 4189 1250 4232 est
1270 4184 1382 4246 gentile,

769 4268 839 4330 quod
867 4267 936 4329 apud
964 4268 1102 4329 scriptores
1130 4268 1171 4316 bie
1197 4273 1304 4316 tantum
1330 4269 1383 4331 legi

769 4352 861 4412 eredo,
878 4351 906 4398 in
925 4352 1060 4400 nonnullis
1073 4357 1163 4400 tamen
1174 4351 1259 4399 titulis
1269 4353 1383 4400 occurrit

774 4436 930 4495 Telaqenius
948 4433 986 4495 (C.
1006 4436 1024 4483 l.
1044 4435 1070 4484 L.
1087 4433 1304 4484 vruassaffltsso.
1324 4436 1381 4485 Vlll

772 4518 853 4567 totto
863 4535 887 4567 n.
898 4519 938 4566 l'rl.
948 4519 1006 4567 XlV
1016 4517 1092 4577 2959)
1105 4521 1141 4567 vel
1157 4518 1333 4580 Telepennius
1343 4517 1381 4580 (C.

769 4605 787 4652 l.
799 4603 825 4651 L.
844 4602 877 4650 Vl
886 4601 959 4651 tatu.
970 4601 1060 4651 tt¹t3o
1069 4602 1159 4651 attan
1169 4601 1260 4652 271138.
1270 4604 1304 4652 lll
1314 4603 1382 4665 574).

802 4683 872 4735 λάλει
895 4683 941 4735 καὶ
963 4682 1001 4750 μὴ
1024 4683 1139 4749 θίγγανε.
1167 4687 1230 4749 quid
1256 4687 1383 4736 Claudius

770 4772 889 4832 intellegi
907 4771 1033 4832 voluerit,
1050 4770 1199 4821 obscurum.

803 4857 981 4918 pertinaciter
1006 4855 1104 4903 studiis
1127 4857 1225 4905 dedito.
1250 4857 1281 4905 el.
1304 4857 1336 4904 ad
1361 4872 1381 4904 c.

1233 4949 1283 4998 lll
