3322 5512
219 518 357 592 delatus
392 529 445 592 est
478 518 588 592 tristis
622 543 663 591 ac
696 519 872 615 trepidus,
907 519 1094 592 miserante
1128 519 1232 592 obvia
1264 519 1367 591 turba
1397 518 1497 613 quasi

217 643 263 715 ad
287 666 435 739 poenam
456 652 638 740 raperetur
655 644 783 718 insons.
810 645 987 740 Receptus
1004 644 1096 717 intra
1113 645 1263 737 vallum,
1289 644 1378 716 inter
1395 667 1497 717 excu-

216 768 293 842 bias
326 769 473 841 militum
507 769 741 865 pernoctavit,
775 769 952 864 aliquanto
986 769 1117 842 minore
1143 793 1206 865 spe
1231 793 1335 864 quam
1360 768 1497 841 fiducia.

265 895 358 966 Nam
403 895 565 967 consules
608 917 687 966 cum
725 903 850 967 senatu
892 904 926 968 et
963 894 1164 968 cohortibus
1204 894 1347 967 urbanis
1384 896 1498 967 forum

217 1117 273 1160 tam
300 1111 459 1161 viminalem
487 1126 564 1173 prope
589 1116 691 1173 portam
714 1112 831 1161 Nomen-

217 1203 308 1245 tanam
336 1194 420 1258 (Suet.
449 1195 508 1245 Ner.
537 1192 594 1257 48),
622 1195 654 1245 cf.
681 1195 739 1245 Tac.
764 1197 831 1246 Ann.

218 1280 251 1328 lV
283 1279 306 1329 9.
347 1280 394 1329 Dio
420 1279 466 1342 57,
491 1278 536 1343 19,
562 1279 585 1328 6.
627 1278 700 1329 Suet.
727 1280 782 1331 Tib.
809 1281 831 1330 7.

218 1364 303 1414 Schol.
322 1364 379 1413 Jnv.
398 1363 444 1427 to,
462 1364 502 1414 94.

250 1451 400 1499 αιίεοναιιίε
426 1450 512 1499 turba.
556 1449 698 1500 Suetonius
723 1450 833 1499 tradidit

218 1536 342 1584 allectum
356 1535 551 1598 multitudinis,
566 1535 678 1583 simulac
690 1533 831 1583 Claudium

218 1620 296 1680 vidit,
313 1620 442 1683 losephus
460 1620 475 1668 l.
494 1619 510 1668 l.
529 1618 614 1682 59981
633 1613 689 1667 ὅδὲ
701 1615 786 1681 δῆμος
798 1643 831 1651 --

217 1700 321 1767 ἔχαιρεν
344 1700 479 1752 Κλαυδίου
499 1709 530 1767 τῇ
547 1700 653 1768 ἁρπαγῇ
660 1740 667 1763 ,
691 1710 831 1767 postquam

218 1790 313 1838 certior
336 1789 406 1838 facta
423 1795 474 1852 est,
499 1790 562 1852 quid
582 1789 680 1838 milites
697 1804 728 1837 eo
746 1789 831 1838 facere

218 1875 324 1925 vellent.

250 1959 381 2022 Receptus
400 1961 475 2009 iutra
492 1961 603 2008 uallum.
638 1959 670 2007 ad
694 1959 761 2007 hanc
774 1974 829 2007 rem

218 2049 338 2106 spectant
361 2044 465 2093 nummi
490 2042 600 2106 (Eckhel
625 2043 654 2091 D.
673 2043 704 2092 N.
723 2041 830 2091 V1235.

219 2127 308 2177 Cohen
344 2129 354 2176 1
391 2127 482 2178 Claud.
515 2145 540 2177 n.
575 2124 686 2187 {ta-38)
720 2128 776 2176 cusi
808 2143 831 2177 a.

219 2210 449 2276 794141-799146;
482 2210 669 2275 taipertum)
695 2211 796 2274 recept(
813 2211 832 2272 1.

252 2299 358 2346 uetuere
375 2311 421 2359 spe
439 2312 523 2360 ρυαυι
535 2297 647 2359 fiducia.
674 2298 744 2345 inter
761 2298 831 2346 mili-

218 2382 329 2430 tesiam
347 2396 457 2430 securus
474 2385 501 2430 et
518 2381 574 2429 sine
592 2387 665 2431 metu
684 2387 755 2444 erat,
774 2397 832 2444 spes

218 2473 308 2516 tamen
321 2467 441 2529 potiundi
453 2467 570 2530 imperii,
590 2467 660 2529 quod
673 2467 832 2529 praetoriani

218 2552 242 2599 ei
260 2552 425 2614 detulerant,
443 2550 550 2600 infirma
567 2557 632 2600 erat.

252 2638 379 2685 eonsules.
414 2637 447 2684 ad
462 2651 529 2698 quos
540 2651 676 2684 summum
689 2636 832 2699 imperium

220 2727 304 2771 morte
322 2721 349 2770 C.
368 2721 486 2771 Caesaris
504 2722 631 2784 redierat,
649 2722 681 2770 ci.
695 2721 834 2770 Herodian.

220 2808 241 2855 11
266 2806 312 2870 19,
337 2807 364 2855 7:
388 2809 441 2854 τῶν
462 2802 570 2854 ὑπάτων
596 2802 792 2866 κελευσάντων,
809 2804 837 2853 οἳ

219 2888 249 2940 τὰ
267 2896 312 2955 τῆς
322 2887 428 2954 Ῥώμης
441 2888 551 2940 διοικεῖν
561 2887 701 2950 εἰώθασιν,
720 2887 833 2954 ὁπήνικα

219 2972 251 3024 ἂν
268 2972 299 3024 τὰ
317 2979 362 3039 τῆς
379 2972 512 3039 βασιλείας
530 2971 651 3038 μετέωρα
666 2971 693 3038 ᾗ
712 2976 832 3025 Momms.

219 3061 279 3110 StR.
304 3060 341 3110 113
362 3060 441 3125 1144,
465 3059 478 3108 1
500 3059 585 3108 :11²
607 3058 680 3108 roei.
706 3058 834 3108 Consules

219 3153 284 3194 tunc
307 3151 384 3194 erant
407 3144 453 3195 Cn.
478 3144 586 3195 Sentius
611 3144 784 3206 Saturninus,
804 3144 831 3202 Q.

220 3231 378 3294 Pomponius
393 3231 544 3292 Secundus,
562 3230 594 3279 cf.
608 3229 658 3278 Jos.
669 3229 733 3277 Bell.
744 3229 799 3277 lud.
810 3229 833 3276 11

219 3314 265 3379 11,
288 3314 319 3364 l:
344 3311 452 3363 ύπάτων
476 3311 585 3362 Σεντίου
607 3310 769 3375 Σατορνίνου
787 3308 833 3360 καί

219 3397 386 3462 Πομπωνίου
404 3395 568 3448 Σεκούνδου.
591 3397 618 3447 C.
637 3399 655 3447 1.
674 3397 700 3446 L.
719 3396 833 3446 119799.

220 3482 353 3533 11190141.
364 3481 406 3545 (ci.
417 3482 444 3533 C.
453 3485 471 3532 1.
479 3483 506 3531 L.
517 3481 632 3532 11191115.
644 3483 691 3530 Dio
698 3480 738 3545 59,
748 3480 788 3545 99,
798 3480 833 3544 5).

253 3576 357 3619 senatu.
392 3585 407 3618 a
432 3569 585 3618 consulibus
615 3568 644 3617 in
674 3566 833 3630 Capitolium

220 3661 375 3719 convocato,
393 3656 425 3704 ci.
444 3653 516 3704 Suet.
532 3653 588 3703 Gai.
601 3653 641 3702 60.
660 3654 708 3703 Dio
720 3651 797 3716 out,
809 3651 832 3700 1.

252 3741 408 3790 cohortibus
425 3740 549 3788 ιινύαιιίε.
579 3739 700 3788 cohortes
718 3738 835 3787 urbanae

221 3827 303 3889 gradu
340 3832 367 3875 et
401 3827 498 3874 honore
534 3810 671 3887 praetoriis
703 3824 835 3886 proximae

220 3912 276 3960 sine
302 3911 381 3960 dubio
407 3909 586 3959 aemulatione
614 3913 706 3958 contra
732 3913 834 3970 praeto·

221 3997 308 4045 rinnos
343 3996 485 4059 perductae
515 3999 593 4057 sunt,
631 3998 662 4042 ut
696 3995 835 4042 consulum

221 4086 307 4144 partes
340 4083 523 4144 sequerentur.
559 4079 641 4127 Erant
674 4078 723 4127 sub
759 4093 835 4140 prae-

220 4168 289 4215 fecto
316 4165 388 4228 urbi,
414 4180 467 4227 quo
495 4179 605 4213 munere
632 4168 699 4213 tunc
724 4163 835 4211 fortasse

221 4251 383 4315 fungebatur
426 4249 454 4307 Q.
498 4248 660 4312 Sanquinius
704 4247 836 4296 Maximus

221 4336 314 4398 (quem
339 4350 361 4384 a.
386 4333 478 4399 799139
495 4334 657 4396 praefectum
678 4332 736 4380 urbi
754 4331 835 4379 fuisse

223 4420 286 4470 dicit
318 4421 364 4469 llio
393 4419 440 4483 59,
469 4418 515 4482 13,
544 4419 587 4483 9),
617 4418 693 4466 cuius
721 4421 836 4479 potestas

221 4512 326 4567 tamen,
341 4511 432 4568 utpote
441 4505 581 4567 mandata,
591 4504 670 4551 simul
680 4517 741 4551 cum
751 4506 836 4549 morte

222 4592 280 4641 Gaii
298 4591 419 4640 desierat.

254 4677 318 4725 Tres
350 4676 470 4724 cohortes
502 4674 620 4723 urbanae
651 4672 683 4720 ab
716 4672 836 4734 Augusto

222 4762 362 4810 institutae
375 4764 452 4807 erant
464 4758 548 4820 (Suet.
562 4758 628 4819 Aug.
638 4756 678 4806 49.
692 4783 725 4790 -
734 4757 781 4805 Dio
790 4756 836 4818 55,

221 4846 268 4906 94,
286 4845 302 4893 (ι
320 4860 373 4893 non
386 4849 456 4893 recte
469 4848 597 4906 quattuor
611 4843 691 4891 luisse
703 4839 837 4903 tradidit),

886 1118 914 1161 et
946 1127 968 1161 a.
1003 1111 1094 1177 776193
1125 1117 1179 1162 tres
1211 1113 1294 1162 luisse
1320 1112 1442 1162 nouimus
1467 1127 1498 1160 ex

886 1197 974 1247 Tacito
1001 1197 1079 1260 (Ann.
1107 1199 1140 1247 IV
1165 1196 1200 1259 5).
1234 1198 1329 1246 Postea
1355 1212 1499 1247 numerum

886 1287 995 1332 auctum
1018 1298 1075 1332 esse
1097 1287 1200 1333 certum
1226 1287 1279 1345 est,
1303 1283 1348 1331 sed
1367 1296 1454 1346 neque
1471 1281 1498 1329 in

886 1373 1033 1431 quantiun,
1052 1383 1139 1431 neque
1156 1369 1262 1431 quando
1282 1370 1329 1417 hoc
1347 1368 1449 1417 facturn
1465 1367 1498 1415 sit

886 1456 957 1503 certo
996 1453 1125 1502 novimus.
1166 1452 1318 1502 Secundum
1351 1452 1500 1502 Mommsen

886 1537 986 1599 (Herm.
996 1537 1054 1586 XVI
1063 1553 1086 1600 p.
1094 1535 1155 1600 645)
1163 1536 1212 1586 sub
1221 1535 1331 1586 Claudio
1342 1537 1390 1586 hoc
1398 1537 1500 1585 factum

886 1628 939 1683 est,
965 1623 1009 1670 sed
1034 1622 1122 1671 nescio
1145 1636 1179 1670 an
1198 1621 1293 1670 melius
1311 1636 1326 1669 a
1344 1619 1370 1670 C.
1390 1619 1500 1669 Caesare

887 1721 1029 1755 numerum
1056 1712 1165 1755 auctum
1189 1721 1247 1755 esse
1270 1720 1413 1769 ponamus,
1438 1720 1499 1755 cum

886 1792 1027 1840 verisimile
1045 1807 1101 1840 esse
1119 1796 1210 1854 putem
1228 1789 1319 1839 eodem
1337 1795 1456 1853 tempore
1473 1794 1501 1837 et

886 1891 1029 1925 numerum
1054 1876 1202 1925 cohortium
1225 1876 1417 1938 praetoriarum
1439 1875 1501 1936 (hoc

886 1961 1034 2009 Mommsen
1058 1961 1146 2009 Herm.
1169 1960 1228 2009 XIV
1246 1975 1269 2022 p.
1288 1957 1321 2007 34
1338 1964 1387 2007 aut
1404 1957 1454 2007 sub
1472 1955 1500 2005 C·

886 2044 997 2094 Caesare
1012 2050 1059 2094 aut
1071 2045 1120 2095 snb
1133 2044 1241 2094 Claudio
1255 2045 1357 2094 factum
1369 2058 1425 2092 esse
1438 2059 1501 2093 cen-

886 2127 938 2191 set)
972 2135 999 2178 et
1033 2130 1196 2178 urbanarum
1229 2134 1339 2180 auctum
1371 2144 1440 2191 esse3
1474 2134 1502 2178 et

886 2214 1014 2276 losephus
1033 2214 1094 2263 Ant.
1111 2215 1167 2263 lud.
1185 2214 1245 2263 XIX
1257 2215 1286 2278 9,
1304 2213 1332 2278 3,
1353 2213 1401 2263 188
1420 2219 1500 2278 quat·

886 2302 947 2347 tuor
964 2299 1086 2348 cohortes
1103 2299 1219 2349 urbanas
1237 2316 1259 2349 a.
1274 2293 1362 2363 794141
1377 2315 1392 2348 a
1405 2314 1501 2349 consu-

887 2386 943 2432 lum
962 2384 1081 2446 partibus
1098 2384 1202 2432 stetisse
1212 2389 1311 2433 narret.
1330 2384 1501 2448 Quamquam

886 2469 1027 2531 losephus,
1053 2468 1097 2517 ubi
1115 2482 1157 2516 res
1175 2469 1307 2519 Romanas
1324 2470 1423 2533 tangit,
1449 2485 1501 2519 non

887 2560 927 2603 est
944 2555 1055 2616 scriptor
1070 2553 1159 2617 magni
1169 2556 1298 2603 momenti
1306 2551 1350 2615 (de
1360 2569 1390 2603 eo
1399 2554 1427 2603 in
1438 2555 1500 2603 uni-

886 2654 992 2688 versum
1009 2653 1093 2700 nuper
1109 2642 1180 2687 recte
1197 2639 1324 2688 iudicarit
1334 2639 1502 2703 Krohmeyer

889 2725 977 2773 Herm.
1002 2724 1085 2772 XXIX
1110 2739 1132 2786 p.
1159 2722 1208 2772 573
1225 2723 1255 2773 A.
1273 2723 1301 2772 2:
1333 2723 1411 2787 „Man
1429 2724 1502 2773 kann

889 2810 1040 2871 uberhaupt
1058 2809 1099 2857 dle
1115 2809 1285 2871 Bemerhung
1297 2809 1425 2870 macheu,
1442 2808 1503 2857 dass

888 2894 1024 2956 losephus'
1037 2892 1163 2955 Angaben
1178 2909 1223 2943 um
1236 2909 1265 2942 so
1274 2894 1504 2957 unzuverlbssiger

888 2980 1008 3042 werden,
1029 2979 1055 3042 je
1078 2979 1170 3027 weiter
1188 2977 1225 3026 sie
1242 2977 1297 3026 sich
1316 2993 1366 3026 von
1385 2977 1432 3026 der
1450 2993 1502 3026 un-

888 3063 1024 3113 mittelbar
1062 3063 1206 3112 liidischen
1242 3060 1400 3112 Ceschichte
1442 3066 1502 3111 ent·

887 3148 1023 3212 iernen”),
1047 3147 1191 3197 auctoritas
1214 3152 1305 3195 tamen
1328 3147 1386 3195 eius
1409 3147 1458 3196 hac
1475 3146 1503 3194 in

888 3248 915 3281 re
934 3232 1018 3281 maior
1035 3231 1078 3294 tit,
1102 3231 1171 3294 quod
1190 3232 1317 3293 correxit,
1335 3245 1404 3294 quae
1422 3234 1504 3279 antea

887 3318 1036 3379 scripserat.
1048 3317 1111 3365 Bell.
1122 3313 1178 3364 lud.
1189 3313 1260 3364 1111.
1270 3313 1284 3363 1
1295 3315 1366 3364 enim
1376 3314 1503 3378 legimus:

888 3398 903 3465 ἡ
914 3397 943 3450 δὲ
953 3397 1097 3465 σύγκλητος
1107 3428 1139 3434 -
1149 3396 1230 3463 τρισίν
1241 3403 1296 3452 ταῖς
1308 3394 1504 3462 συμμενούσαις

888 3482 1005 3548 σπείραις
1023 3480 1186 3548 ἐπιτρέψασα
1200 3478 1339 3547 φυλάττειν
1352 3477 1399 3546 τὴν
1410 3478 1502 3540 πόλιν,·

888 3574 980 3619 contra
1002 3568 1063 3618 Ant.
1082 3568 1139 3617 lud.
1158 3571 1174 3618 l.
1193 3569 1209 3618 l.
1227 3563 1345 3631 Χαιρέας
1362 3561 1391 3615 δὲ
1409 3561 1438 3614 τὸ
1456 3583 1503 3631 ση-

887 3658 963 3717 μεῖον
986 3649 1077 3717 λαβὼν
1100 3650 1245 3715 παρεδίδου
1264 3655 1318 3700 τῶν
1334 3655 1505 3714 στρατιωτῶν

888 3743 941 3792 τοῖς
966 3735 1033 3800 πρὸς
1059 3733 1105 3801 τὴν
1131 3735 1277 3801 σύγκλητον
1302 3733 1504 3799 συνεστηκόσιν,

888 3819 956 3886 ἦσαν
969 3819 998 3871 δὲ
1013 3819 1049 3875 είς
1066 3819 1173 3885 σπείρας
1188 3818 1314 3885 τέσσαρας
1324 3818 1362 3875 οίς
1372 3817 1400 3869 τὸ
1410 3817 1504 3886 ἀβασί-

888 3904 979 3954 λευτον
1002 3902 1157 3968 τιμιώτερον
1181 3910 1226 3969 τῆς
1250 3903 1403 3968 τυραννίδος
1419 3902 1504 3968 πρού·

889 4007 968 4039 κειτο.
980 3992 1021 4039 Με
1031 3991 1116 4039 iudice
1123 3991 1252 4053 losephus
1261 3991 1317 4039 sine
1326 3990 1405 4038 dubio
1415 3993 1504 4052 poste-

890 4077 956 4125 riore
970 4078 1025 4125 loco
1043 4077 1144 4124 teriora
1161 4075 1283 4138 tradidit,
1305 4089 1367 4123 nam
1385 4073 1504 4122 111111111-

889 4161 1038 4223 quitatibus
1061 4175 1116 4223 res,
1141 4174 1210 4222 quae
1234 4164 1291 4223 post
1314 4163 1428 4208 mortem
1446 4157 1505 4208 Gaii

890 4247 975 4295 factae
999 4251 1075 4308 sunt,
1099 4247 1185 4294 multo
1209 4244 1359 4293 accuratius
1376 4257 1459 4306 quam
1476 4243 1505 4292 in

890 4331 961 4379 Bello
986 4331 1091 4380 ludaico
1114 4330 1223 4379 tradidit
1247 4332 1287 4390 et,
1310 4342 1372 4377 cum
1396 4331 1504 4376 utrum-

890 4431 942 4478 que
969 4430 1034 4478 opus
1060 4416 1159 4464 Romae
1185 4413 1331 4476 scripserit,
1364 4412 1439 4460 nulla
1464 4416 1506 4460 est

890 4517 981 4563 causa,
1005 4517 1052 4549 cur
1075 4515 1137 4548 eum
1160 4500 1187 4548 in
1209 4496 1423 4560 Antiquitatibus
1440 4496 1504 4545 scri-

889 4586 984 4635 bendis
1001 4587 1040 4634 sui
1060 4584 1186 4646 temporis
1203 4581 1268 4646 (qno
1285 4584 1388 4630 constat
1405 4580 1505 4630 Romae

890 4674 1019 4733 quattuor
1050 4669 1171 4718 cohortes
1204 4667 1318 4717 urbanas
1348 4665 1444 4726 fuisse,
1471 4665 1504 4716 cf.

891 4755 1005 4816 diploma
1032 4752 1185 4816 Vespasiani
1208 4767 1230 4800 a.
1254 4749 1346 4814 899176
1368 4747 1409 4810 (C.
1432 4749 1451 4799 Ι.
1476 4750 1503 4799 L.

892 4840 927 4890 111
941 4855 964 4902 p.
974 4838 1048 4898 853):
1068 4837 1293 4900 iteuruiilitr'bus,
1311 4836 1361 4897 qui
1371 4834 1504 4883 incohar-
