3322 5512
715 355 770 418 ine

103 546 255 624 indulsit
282 546 499 624 Senatoriam
524 543 728 643 dignitatem
754 543 996 620 recusantibus
1022 553 1219 641 equestrem
1243 567 1381 641 quoque

104 675 242 749 ademit.
268 677 396 748 Latum
423 675 580 766 clavum,
606 673 769 769 quamvis
789 671 885 745 initio
903 673 1110 745 affirmasset
1126 695 1193 746 uon
1211 673 1385 746 lecturum

104 824 141 873 se
172 809 367 875 senatorem
393 800 460 872 nisi
486 799 574 872 civis
598 799 640 870 R.
667 798 890 892 abnepotem,
924 796 1027 869 etiam
1052 797 1203 870 libertini
1228 797 1299 870 fflio
1324 797 1383 871 tri-

103 925 193 1018 buit,
220 925 283 998 sed
308 925 374 998 sub
401 923 596 998 conditione
621 923 651 995 si
678 922 775 1018 prius
801 922 846 994 ab
872 922 987 1016 equite
1007 922 1049 994 R.
1067 921 1254 1019 adoptatus
1271 932 1382 1017 esset,

102 1143 197 1192 iudicio
221 1143 345 1206 principis
368 1143 396 1191 in
413 1142 534 1193 ordinem
550 1142 713 1192 senatorium

102 1229 217 1288 intrant,
234 1243 269 1278 sc.
287 1231 340 1277 lato
357 1230 430 1278 clavo
449 1229 553 1292 donati,
572 1230 613 1277 vel
631 1228 658 1276 in
673 1242 715 1276 se-

102 1318 195 1361 natum
212 1313 307 1362 allecti.
324 1313 383 1361 lure
394 1318 485 1362 autem
497 1312 544 1362 nlii
561 1318 714 1362 senatorum

102 1397 259 1461 dignitatem
277 1398 436 1446 senatoriam
455 1412 576 1447 recusare
593 1411 715 1459 nonpos-

102 1487 177 1545 sunt,
195 1482 277 1530 immo
295 1483 352 1544 lege
369 1487 514 1545 coguntur,
533 1487 564 1530 ut
581 1487 716 1531 senatores

103 1565 182 1630 fiant,
207 1567 240 1616 cf.
259 1565 306 1616 Dio
329 1566 375 1630 54,
392 1565 439 1629 ib,
462 1566 491 1616 4:
516 1561 617 1630 (ἐπειδὴ
635 1592 668 1600 -
686 1561 715 1613 τδ

101 1647 212 1713 τίμημα)
237 1646 264 1704 ές
288 1646 364 1698 πέντε
389 1646 435 1699 καί
452 1647 536 1698 εἴκοσι
562 1646 714 1713 (μυρίαδας)

100 1731 237 1799 προήχθη,
247 1731 333 1783 οὐκέτ’
345 1730 432 1789 οὐδείς
438 1730 555 1784 εἰλελοντί
560 1731 715 1798 βουλεύσων

102 1815 257 1883 ηὑρίσκετο,
280 1815 345 1869 ἀλλὰ
367 1815 413 1869 καί
430 1817 522 1874 παῖδες
539 1815 604 1868 εἶσίν
621 1817 649 1868 οἳ
664 1815 711 1868 καί

102 1901 201 1968 ἔγγονοι
226 1902 392 1970 βουλευτῶν,
418 1903 446 1954 οἱ
468 1899 517 1968 μὲν
544 1899 582 1958 ὡς
604 1900 715 1968 ἀληθῶς

101 1985 252 2053 πενόμενοι,
277 1987 304 2038 οἱ
322 1985 352 2038 δὲ
368 1985 414 2039 καί
431 1985 463 2038 ἐκ
481 1991 632 2053 συμφορῶν
647 2004 714 2052 προ-

101 2077 216 2137 γονικῶν
240 2071 469 2137 τεταπεινωμένοι,
495 2070 545 2138 οὐχ
573 2072 636 2123 ὅσον
662 2070 713 2123 οὐκ

102 2154 284 2209 ἀντεποιοῦντο
302 2163 347 2209 τοῦ
364 2156 538 2224 βουλευτικοῦ
551 2155 714 2221 ἀξιώματος,

103 2238 166 2293 ἀλλὰ
191 2240 238 2293 καί
262 2240 525 2309 προσκατειλεγμένοι
550 2241 602 2308 ἤδη
626 2239 713 2307 ε’ξώμ-

102 2345 185 2377 νυντο.
204 2329 266 2379 ibid.
284 2328 312 2378 8:
331 2325 391 2384 τοὺς
401 2324 431 2377 δὲ
439 2325 511 2383 ε’ντός
520 2345 546 2377 τε
555 2331 601 2392 τῆς
610 2324 714 2392 ἡλικίας

103 2409 196 2477 ταύτης
218 2409 303 2476 (πέντε
321 2409 367 2463 καί
384 2409 524 2478 τριάκοντα
543 2409 620 2476 ἑτῶν)
638 2410 714 2466 ὄντας

102 2493 147 2546 καί
170 2493 200 2545 τδ
223 2495 323 2561 τίμημα
346 2495 453 2562 ἔχοντας
472 2495 614 2563 βουλεῦσαι
631 2514 713 2561 κατη·

101 2578 225 2646 νάγκασε.
249 2583 398 2634 Mommsen
421 2583 483 2634 StR.
502 2582 525 2633 1³
542 2583 591 2633 473
609 2585 628 2634 Α
647 2584 664 2633 2
682 2601 712 2627 =

104 2664 124 2714 [²
147 2666 204 2717 479.
229 2665 342 2732 (Herzog
365 2669 389 2716 ll
412 2666 461 2717 819
479 2668 501 2716 Α
517 2668 533 2716 2
552 2669 601 2718 hoc
618 2675 712 2733 negat,

102 2753 191 2802 minus
200 2757 271 2802 recte
280 2753 360 2802 etiam
370 2758 492 2802 nostrum
499 2753 587 2802 locum
594 2754 713 2816 afferens,

102 2838 233 2901 siquidem
266 2852 308 2887 me
335 2837 423 2887 iudice
449 2838 510 2887 inde
535 2838 563 2887 in
589 2843 713 2887 neutram

103 2928 204 2984 partem
237 2922 336 2985 aliquid
368 2922 456 2986 colligi
488 2921 593 2985 potest).
627 2923 714 2972 Etiam

102 3008 206 3070 equites
222 3008 281 3056 iure
299 3007 356 3071 cogi
373 3008 489 3070 potuisse
505 3012 536 3056 ut
551 3009 714 3058 senatorium

102 3092 220 3140 ordinem
241 3092 372 3141 intrarent
393 3097 471 3155 putat
487 3091 634 3142 Mommsen
652 3093 714 3144 StR.

102 3175 125 3225 1³
147 3175 197 3225 476
218 3176 240 3225 Α
263 3174 279 3224 3
303 3173 360 3240 (qui
383 3182 475 3226 tamen
496 3176 713 3227 1111186516

101 3261 242 3310 verisimile
273 3266 379 3310 tantum
410 3276 466 3310 esse
498 3261 585 3326 dicit),
622 3262 714 3313 dubito

102 3360 166 3394 num
197 3350 276 3394 recte.
306 3345 375 3395 Nam
401 3359 432 3394 ex
457 3346 520 3395 locis
546 3361 612 3410 quos
637 3348 715 3397 affert

101 3430 160 3481 Sen.
184 3445 224 3493 ep.
240 3428 281 3493 97,
299 3428 344 3479 13:
370 3430 488 3481 bonores·
500 3433 622 3494 reppulit
635 3439 715 3494 pater

101 3513 221 3577 Sentice,
239 3517 287 3577 qni
304 3540 337 3548 -
349 3516 437 3563 latam
450 3516 556 3564 obruam
573 3516 715 3567 diooIalio

101 3601 182 3649 dante
206 3613 261 3649 non
287 3600 399 3662 recepit;
425 3597 452 3648 0.
476 3600 495 3648 1.
520 3600 547 3649 L.
571 3600 619 3650 Xll
636 3599 714 3650 1783:

102 3685 163 3734 hnic
188 3685 263 3733 divos
294 3684 455 3733 Hadrianus
489 3685 576 3734 ίοιιιιιι
608 3687 715 3735 clavium

101 3766 186 3831 cn[m]
216 3767 387 3831 qnaesdnra]
415 3770 515 3832 optulit
541 3776 566 3818 et
596 3772 714 3832 petentis

101 3854 302 3902 eacacatr'onem
340 3850 464 3916 acc[epit]
503 3854 570 3903 nihil
605 3855 714 3917 probare

101 3939 237 4000 ridentur,
254 3937 342 3986 obstat
359 3943 448 3987 autem
467 3953 508 3987 me
526 3938 611 3987 iudice
628 3939 715 4002 potius

102 4023 166 4072 Plin.
190 4037 230 4086 ep.
249 4021 324 4085 111,
342 4021 371 4071 5:
397 4023 508 4072 allectas
525 4024 600 4072 enim
618 4038 634 4071 a
651 4023 714 4072 divo

105 4107 269 4170 Vespasiano
299 4108 372 4156 inter
395 4109 546 4168 praetorios
574 4108 715 4157 honestam

101 4195 221 4255 quietem
254 4217 287 4224 -
320 4192 538 4241 constantissime
568 4193 714 4255 praetulit,

101 4291 163 4326 nam
195 4276 218 4325 si
248 4276 367 4339 princeps
400 4290 492 4338 cogere
518 4276 647 4339 potuisset
672 4277 714 4325 vix

100 4363 267 4412 allectionem
285 4361 389 4424 saepius
406 4361 555 4410 obtulisset.

133 4453 286 4510 equestrem
303 4461 410 4509 quoqne
426 4447 539 4495 ademit.
557 4446 589 4495 cf.
607 4446 656 4494 Dio
673 4443 714 4508 53,

100 4532 146 4596 17,
164 4532 193 4581 7:
211 4526 273 4585 τοὺς
288 4528 338 4594 μὲν
349 4527 521 4594 καταλέγουσι
535 4527 573 4592 (οἱ
581 4525 713 4593 αὐτοκρά-

100 4614 185 4681 τορες)
202 4642 235 4651 -
251 4612 279 4670 ἒς
302 4611 349 4680 τὴν
372 4612 472 4664 ἱππάδα
489 4609 601 4668 -τοὺς
621 4608 651 4662 δὲ
668 4609 714 4662 καί

99 4698 274 4765 ἅπαλείφουσι
287 4699 361 4754 ὅπως
370 4696 402 4750 ἂν
411 4696 499 4754 αὐτοῖς
508 4696 582 4763 δόξῃ.
601 4700 714 4748 Momm-

100 4802 148 4836 sen
165 4787 225 4837 StR.
244 4787 280 4835 lll
297 4785 354 4835 492.

132 4872 289 4934 Exemplum
313 4871 361 4920 viri
385 4871 432 4934 qui
448 4885 465 4920 a
482 4870 591 4920 Claudio
609 4876 715 4920 coaetus

769 1144 876 1189 senator
897 1141 984 1190 iactus
1006 1145 1047 1190 est
1070 1142 1147 1190 allert
1170 1141 1217 1190 Dio
1234 1139 1280 1205 60,
1302 1140 1381 1205 nost

769 1223 831 1286 (sub
848 1239 870 1274 a.
889 1222 1005 1288 abolla:
1022 1220 1112 1288 ε’πειδή
1131 1241 1158 1273 τε
1175 1222 1332 1289 Σουρδίνιός
1345 1242 1382 1280 τις

769 1304 868 1363 Γάλλος
885 1306 1027 1373 βουλεῦσαι
1044 1305 1189 1372 δυνάμενος
1206 1305 1233 1364 ές
1250 1305 1297 1374 τὴν
1307 1307 1382 1374 Καρ-

768 1390 869 1456 χηδόνα
887 1389 1022 1459 ἐξῴκησε,
1046 1392 1149 1459 σπουδῇ
1167 1412 1194 1443 τε
1211 1390 1291 1444 αὐτὸν
1307 1411 1382 1458 μετε-

767 1474 894 1542 πέμψατο
916 1473 962 1527 καί
980 1475 1032 1543 ἔφη
1051 1477 1090 1528 ὅτι
1107 1477 1228 1543 Χρυσαῖς
1245 1496 1274 1529 σε
1291 1476 1383 1534 πέδαις

769 1559 844 1627 δήσω
864 1576 869 1587 ·
888 1559 934 1612 καί
964 1560 980 1610 δ
1009 1559 1059 1627 μὲν
1089 1562 1161 1614 οὕτω
1187 1569 1225 1628 τῷ
1252 1561 1382 1628 ἀξιώματι

767 1643 894 1711 πεδηδείς
911 1642 979 1697 κατὰ
996 1645 1089 1713 χώραν
1106 1646 1198 1713 ἔμεινε.

802 1734 890 1782 latam
907 1734 1019 1782 ebroanc.
1043 1734 1075 1784 iis
1092 1749 1123 1784 ex
1142 1735 1259 1798 equestri
1276 1735 1383 1797 ordine,

769 1818 816 1880 qui
841 1818 960 1867 nondum
983 1819 1143 1868 senatoriam
1167 1824 1283 1869 aetatem
1300 1817 1383 1881 (XXV

768 1901 912 1964 annorum)
939 1903 1085 1966 habebant,
1112 1905 1240 1967 principes
1265 1905 1308 1953 ius
1334 1905 1381 1953 lati

768 1987 835 2036 clavi
865 1988 973 2051 gerendi
999 1989 1112 2052 dabant,
1142 2004 1196 2052 quo
1222 1990 1283 2038 dato
1312 1989 1383 2037 iuter

767 2070 922 2120 candidatos
952 2072 1147 2135 vigintiviratus
1177 2073 1378 2136 recipiebantur.

768 2154 812 2212 (de
837 2155 893 2218 ipso
918 2157 991 2205 clavo
1017 2158 1049 2207 ci.
1077 2157 1159 2222 Marq.
1184 2159 1234 2208 Vit.
1260 2157 1340 2209 Ρυίυ.2
1358 2174 1382 2222 p.

768 2240 817 2290 545
835 2240 904 2304 sac)

802 2326 1139 2389 quamvis-affirmasset.
1178 2329 1275 2378 similia
1302 2329 1384 2377 tradit

768 2411 816 2461 Dio
834 2410 880 2475 60,
898 2410 944 2474 15,
961 2411 990 2461 b:
1015 2406 1080 2461 ἀλλὰ
1097 2408 1144 2460 καί
1161 2408 1192 2460 ἐκ
1211 2415 1265 2460 τῶν
1282 2407 1383 2460 ἱππέων
1428 2420 1431 2427 ’

768 2498 822 2544 τῶν
839 2512 865 2543 τε
881 2492 1034 2560 βουλευτῶν
1051 2513 1121 2551 τινας
1136 2492 1306 2561 ἐβασάνιζον,
1323 2495 1382 2544 καί·

768 2597 807 2630 τοι
830 2585 876 2630 τοῦ
900 2578 1035 2630 Κλαυδίου
1059 2582 1117 2630 κατ’
1135 2576 1220 2645 ἀρχὰς
1236 2576 1319 2635 εὐθὺς
1337 2584 1383 2644 τῆς

768 2662 908 2730 ἡγεμονίας
941 2662 1085 2729 ὀμόσαντος
1117 2663 1219 2729 μηδένα
1249 2663 1383 2730 βασανιεῖν

767 2746 916 2815 ἐλεύθερον.

802 2837 935 2885 lecturam
956 2851 984 2886 se
1009 2841 1168 2884 senatorem.
1203 2834 1230 2883 in
1260 2838 1382 2883 senatum

768 2929 915 2984 quaestura
933 2922 1042 2971 demum
1059 2926 1181 2983 suscepta
1195 2920 1294 2968 intrare
1310 2925 1382 2982 pote-

769 3010 843 3068 rant,
867 3006 912 3054 sed
936 3005 991 3054 sine
1013 3004 1091 3054 dubio
1109 3004 1239 3067 principes
1256 3019 1300 3053 eos
1317 3020 1384 3067 quos

768 3092 822 3139 lato
844 3092 918 3139 clavo
936 3090 1065 3139 donarant
1082 3088 1151 3152 apud
1170 3094 1293 3138 senatum
1311 3104 1383 3138 com-

769 3176 938 3224 mendabant.

801 3261 866 3308 civis
883 3260 960 3309 Rom.
978 3260 1146 3322 abnepotem.
1164 3258 1290 3308 Claudius
1301 3259 1385 3322 igitur

768 3345 844 3394 initio
861 3345 976 3394 severior
994 3344 1046 3393 fuit
1063 3358 1144 3407 quam
1168 3344 1224 3407 ipsa
1241 3344 1297 3407 lex,
1315 3359 1384 3407 quae

769 3430 904 3479 neminem
930 3429 1117 3492 magistratum
1144 3429 1160 3477 i.
1184 3443 1206 3478 e.
1233 3435 1383 3478 senatorem

770 3514 826 3564 deri
843 3513 994 3577 patiebatur
1005 3513 1055 3562 nisi
1068 3517 1142 3575 patre
1153 3513 1270 3576 ingenuo
1282 3528 1384 3576 avoque

769 3599 864 3662 libero,
901 3599 939 3648 ita
971 3603 1002 3647 ut
1034 3599 1116 3647 etiam
1149 3597 1219 3647 filius
1254 3598 1384 3661 peregrini

769 3685 892 3748 ingenui,
917 3684 1062 3734 dummodo
1088 3684 1151 3732 ciris
1175 3688 1257 3746 esset,
1279 3687 1385 3732 senator

768 3784 826 3819 esse
844 3773 931 3832 posset
948 3766 992 3830 (ci.
1008 3767 1156 3817 Mommsen
1175 3767 1235 3817 ste.
1254 3764 1278 3814 1⁸
1292 3765 1342 3815 488
1352 3784 1382 3811 =

768 3850 792 3901 12
820 3850 894 3916 nol),
920 3852 1008 3916 exegit
1030 3852 1102 3901 enim
1136 3856 1166 3900 ut
1192 3856 1298 3900 senator
1314 3857 1384 3901 esset

769 3953 863 4001 proavo
888 3937 1003 4002 ingenuo
1021 3942 1049 3986 et
1065 3937 1121 3986 cive
1139 3936 1265 3985 Romano.

802 4024 826 4071 ai
842 4023 923 4084 prins
940 4021 974 4070 ab
992 4022 1083 4083 equite
1099 4021 1131 4070 R.
1149 4021 1295 4083 adoptatas
1307 4027 1383 4070 esset.

769 4114 827 4171 post
849 4107 946 4157 Tiberii
969 4106 1185 4156 constitutionem
1202 4122 1224 4156 a.
1244 4103 1335 4169 776s23
1352 4107 1384 4155 de

769 4206 823 4255 qua
840 4192 906 4241 Plin.
926 4192 955 4241 Η.
974 4191 1005 4240 N.
1024 4189 1069 4253 33,
1087 4189 1133 4240 3⁴2:
1161 4190 1188 4239 C.
1206 4190 1303 4240 Asinio
1320 4191 1383 4240 Ροί-

769 4277 840 4326 ίίοιιο
858 4275 884 4325 C.
903 4275 1024 4325 Antistio
1043 4275 1134 4325 Vetere
1144 4290 1194 4324 coa.
1207 4276 1384 4324 constitutam

768 4377 803 4411 ne
825 4363 868 4410 cni
886 4363 929 4410 ιἰιε
948 4362 977 4410 id
995 4358 1084 4422 (anati
1102 4358 1227 4422 penendi)
1244 4366 1312 4408 esset
1329 4361 1384 4409 nisi

769 4448 817 4509 qni
834 4448 970 4508 inponatis
987 4447 1045 4508 ipse
1060 4451 1140 4508 patre
1156 4459 1205 4493 avo
1221 4451 1337 4506 paterno
1351 4470 1384 4477 —-

769 4531 866 4592 fnisset
888 4529 932 4592 (de
956 4545 1009 4594 quo
1034 4532 1089 4579 loco
1107 4530 1139 4578 cf.
1157 4529 1305 4578 Mommsen
1323 4528 1383 4589 sto.

769 4615 805 4665 lll
823 4615 872 4664 452
891 4616 911 4663 Α
929 4614 957 4675 1)
978 4629 1057 4663 nemo
1075 4628 1156 4676 eques
1174 4614 1311 4662 Romanus
1328 4628 1384 4662 esse

769 4705 872 4763 poterat
889 4699 941 4748 nisi
955 4704 1029 4762 patre
1043 4700 1160 4762 ingenuo
1169 4714 1217 4747 avo
1226 4699 1321 4760 liber03
1339 4698 1384 4747 filii

769 4786 851 4848 igitur
866 4785 964 4848 equitis
982 4784 1011 4833 R.
1030 4789 1061 4832 ut
1078 4785 1127 4847 ipsi
1136 4785 1240 4847 equites
1249 4788 1385 4834 senatores

771 4868 826 4918 sueri
845 4873 980 4932 poterant,
998 4869 1030 4918 ci.
1049 4883 1135 4932 supra.
