3322 5512
724 346 778 410 157

109 549 238 615 rentur.
277 536 374 614 Motu
408 535 501 613 civili
534 562 613 613 cum
648 561 727 613 eum
761 535 952 628 Camillus,
987 561 1053 613 non
1088 533 1253 612 dubitans
1287 533 1391 612 etiam

110 666 198 739 citra
223 667 355 740 bellum
380 689 485 762 posse
510 666 651 759 terreri,
677 665 926 740 contumeliosa
952 676 986 740 et
1004 665 1128 737 minaci
1147 674 1182 738 et
1198 665 1391 739 contumaci

109 790 261 887 epistula
294 791 417 866 cedere
451 792 595 889 imperio
628 793 763 867 iuberet
797 793 973 887 vitamque
1007 790 1152 864 otiosam
1186 790 1221 862 in
1254 790 1392 886 privata

108 940 146 990 re
173 941 296 1012 agere,
322 916 497 991 dubitavit
521 917 688 991 adhibitis
713 917 927 1014 principibus
954 915 1038 988 viris
1063 938 1108 987 an
1129 915 1390 1010 obtemperaret.

63 1037 66 1042 ’
158 1041 331 1116 XXXVI.
383 1041 565 1130 Quasdam
598 1041 745 1115 insidias
778 1051 908 1115 temere
942 1040 1077 1113 delatas
1111 1038 1199 1113 adeo
1232 1039 1391 1135 expavit,

110 1175 147 1239 ut
182 1165 355 1262 deponere
381 1167 564 1264 imperium
590 1166 821 1264 temptaverit.
847 1164 1028 1256 Quodam,
1062 1173 1101 1236 ut
1125 1187 1232 1259 supra
1256 1164 1392 1256 rettuli,

109 1314 188 1363 cum
225 1294 317 1364 ferro
356 1292 447 1365 circa
484 1292 736 1366 sacrificantem
774 1314 813 1364 sc
851 1289 1087 1386 deprehens0,
1129 1299 1291 1363 senatum
1330 1312 1392 1385 per

109 1439 300 1512 praecones
324 1438 471 1512 propere
496 1415 701 1491 convocavit
724 1415 947 1510 lacrimisque
973 1423 1007 1488 et
1030 1413 1273 1487 vociferatione
1290 1414 1391 1486 mise-

109 1550 207 1614 ratus
240 1550 294 1615 est
328 1541 558 1615 conditionem
593 1565 710 1625 suam,
746 1540 801 1614 cui
828 1538 913 1612 nihil
939 1539 1004 1612 tuti
1031 1561 1179 1635 usquam
1205 1548 1316 1631 essct,
1350 1562 1392 1611 ac

110 1665 169 1739 diu
203 1667 342 1762 publico
377 1665 551 1739 abstinuit
579 1666 793 1740 Messalinae
818 1688 957 1761 quoque
983 1687 1134 1739 amorem
1161 1663 1391 1759 flagrantissi-

110 1814 204 1863 mum
237 1812 304 1864 non
338 1800 411 1863 tam
444 1789 650 1886 indignitate
681 1789 968 1864 contumeliarum
994 1813 1099 1885 quam
1125 1788 1270 1884 periculi
1295 1798 1391 1862 metu

109 1915 252 2006 abiecit,
287 1938 365 1988 cum
399 1914 556 1988 adultero
591 1914 676 1988 Silio
708 1913 839 2009 acquiri
866 1913 1046 2009 imperium
1074 1912 1296 2008 credidisset,
1322 1936 1390 2008 quo

148 2076 210 2134 Dio
233 2078 464 2150 60,15‚4=
487 2076 559 2134 Ζονο.
582 2076 634 2134 XI
651 2078 718 2152 9ο,
741 2077 812 2134 464.
856 2073 1005 2144 Κλοιύδιος
1041 2073 1073 2136 δὲ
1108 2073 1181 2144 τέως
1216 2075 1272 2150 μὲν
1309 2074 1390 2139 πάνυ

109 2183 300 2256 κκτέδεισεν,
332 2181 408 2247 ὥστε
439 2183 491 2247 κοιῖ
522 2181 687 2256 ἐθελοντὴν
720 2181 844 2257 ἑτοῖμος
876 2179 958 2260 ἔχειν
989 2187 1041 2246 τοῦ
1072 2179 1199 2260 κράτους
1222 2182 1303 2261 οιύτῷ
1329 2182 1390 2267 (τῷ

111 2290 280 2376 Κοιμῖλλῳ)
306 2291 458 2363 ε’κστνῖνοιι.

148 2397 209 2456 Do
232 2400 289 2471 60,
311 2399 364 2471 31,
386 2400 415 2456 5.
456 2395 508 2460 κοά
540 2395 721 2477 ἐκφοβήσας
758 2395 790 2482 (ὁ
826 2393 1015 2481 Νάρκισσος)
1052 2394 1142 2458 οιύτὸν
1178 2394 1215 2463 ὡς
1249 2392 1300 2457 xci
1336 2402 1389 2468 τῆς

55 2541 62 2556 ·
110 2503 306 2577 Μεσσαλίνης
336 2502 445 2567 ἐκεῖνόν
477 2527 510 2566 τε
541 2503 718 2566 ἀποκτενεῖν
750 2501 801 2565 κοιῖ
831 2502 881 2564 τὸν
915 2501 1016 2566 Σῖλιον
1045 2502 1076 2572 ἐς
1100 2504 1154 2575 τὴν
1178 2501 1280 2580 άρχῖιν
1303 2501 1387 2564 άντι-

108 2609 298 2675 κοιθιστάνκι
321 2610 503 2687 μελλούσης.

108 2818 191 2882 Marq.
218 2818 269 2868 vit.
292 2817 372 2868 Ροίν.2
395 2834 419 2882 p.
443 2817 493 2868 824
522 2819 631 2869 inerant
653 2819 721 2868 scal-

108 2917 184 2965 prum
211 2903 349 2951 librarium
372 2908 400 2952 et
422 2904 549 2967 circinus,
573 2919 642 2967 quae
661 2918 721 2953 mu-

108 3002 214 3036 cronem
238 2987 378 3036 habebant.
402 2987 489 3036 Theca
512 2989 663 3051 graphiaria
680 2990 721 3039 ni·

71 3065 77 3073 “
109 3072 146 3121 hil
155 3076 261 3134 praeter
275 3072 417 3135 graphium
426 3073 592 3138 continebat,
602 3075 634 3124 ci.
644 3075 721 3124 Mart.

107 3155 165 3205 XIV
191 3155 238 3205 at:
268 3157 333 3205 haec
359 3157 408 3205 tibi
432 3164 513 3207 erunt
538 3166 648 3208 arnecto
674 3174 722 3208 suo

107 3241 272 3303 propitiatio
291 3241 379 3303 semo,
402 3244 426 3290 si
442 3257 529 3304 puero
545 3244 641 3307 dones,
665 3259 721 3294 ινονν

109 3325 162 3374 leve
184 3340 285 3374 ινιιινιιιε
308 3327 369 3375 emt.
396 3325 483 3384 Quare
500 3327 583 3391 Marq.
602 3331 618 3378 1.
637 3331 653 3378 l.
671 3328 721 3379 825

107 3409 129 3457 A
161 3408 175 3458 1
207 3425 260 3458 non
289 3425 386 3473 sequor
416 3412 522 3462 theram
550 3415 720 3464 calamariam

107 3493 177 3542 idem
203 3510 260 3544 esso
284 3495 416 3546 dicentem
440 3498 510 3560 quod
528 3500 720 3564 graphiariam,

107 3579 150 3627 cui
167 3579 283 3641 opinioni
300 3586 390 3630 noster
407 3597 514 3645 quoque
531 3584 604 3632 locus
617 3584 720 3634 obstare

108 3664 219 3713 videtur.

140 3748 216 3797 Motu
233 3749 314 3798 ciuili.
332 3750 364 3798 ct.
383 3765 404 3799 c.
423 3749 463 3800 13.

139 3848 195 3882 noo
220 3833 461 3896 dubitans-posse
485 3837 589 3884 terreri.
614 3836 672 3885 Acc.
697 3852 718 3886 c.

108 3917 156 3967 lnf.
175 3922 206 3966 ut
223 3917 284 3967 Ner.
296 3916 342 3966 28:
361 3935 427 3968 νοοιιι
439 3922 538 3969 aratris
550 3921 720 3970 concubitum

107 4004 355 4065 oppetisse—neoto
377 4005 518 4054 dubitauit.
544 4004 583 4054 of.
611 4005 720 4054 Kiihner

108 4086 150 4136 Gr.
169 4088 196 4136 L.
215 4087 237 4135 ll
256 4102 279 4150 p.
297 4086 347 4136 832
364 4088 385 4136 A
402 4087 426 4137 3.

139 4173 211 4221 citra
228 4173 244 4221 i.
262 4187 285 4221 e.
303 4173 373 4237 sine,
390 4175 423 4222 cf.
437 4173 509 4223 Caes.
519 4173 564 4223 28:
576 4176 717 4225 citraoac-

108 4259 258 4319 toritateom
276 4258 342 4321 Aug.
360 4257 406 4307 tt:
424 4261 493 4307 citro
507 4259 717 4320 concomda;bti:

107 4344 176 4391 citro
193 4343 329 4392 honorent.

139 4427 345 4476 dubitavit—ora
363 4427 568 4490 obtemperaret.
582 4429 652 4477 idern
662 4435 717 4479 tra·

107 4512 146 4560 rlit
166 4511 214 4560 Dio
231 4510 272 4574 60,
289 4511 330 4575 15,
347 4511 370 4561 l.

139 4597 274 4658 quosdam
291 4597 557 4659 insidias—exponit.
575 4599 608 4646 cf.
626 4604 716 4646 tamen

105 4678 153 4728 Dio
174 4678 215 4742 69,
233 4678 273 4742 99,
293 4678 323 4729 3:
345 4676 519 4743 μηνυθέντων
537 4678 567 4730 δέ
583 4698 662 4730 τινων
679 4678 717 4736 ὡς

103 4760 300 4829 ἐπιβουλεύοιεν
322 4761 409 4827 αὐτῷ,
433 4759 494 4818 τοὺς
510 4760 559 4827 μἐν
576 4761 671 4819 ἄλλους
689 4762 717 4813 ἐν

103 4844 193 4898 οὐδενὶ
209 4845 280 4913 λόγῳ
296 4845 437 4912 ἐποιήσατο
443 4885 450 4908 ,
467 4845 549 4898 εἰπὼν
566 4847 605 4897 ὅτι
622 4846 654 4899 οὐ
673 4846 717 4898 τὸν

775 2813 856 2866 αὐτὸν
877 2813 930 2882 χρὴ
949 2814 1046 2881 τρόπον
1063 2813 1167 2882 ψύλλαν
1185 2834 1211 2865 τε
1229 2814 1274 2866 καὶ
1292 2815 1389 2883 θήριον

775 2898 936 2964 ἀμύνεσθαι,
954 2899 969 2950 ὁ
986 2898 1015 2951 δὲ
1029 2899 1172 2957 Ἀσιατικὸς
1190 2899 1296 2967 ἐκρίθη.

808 2994 840 3036 ut
864 3003 949 3050 supra
974 2989 1076 3037 rettuli.
1102 2989 1135 3037 ci.
1161 3003 1181 3037 c.
1200 2986 1246 3037 13:
1272 2989 1342 3037 alter
1360 2995 1389 3037 ut

775 3073 974 3135 sacrificantem
992 3098 1025 3106 -
1042 3073 1210 3123 odoraretur.

808 3163 941 3207 serratum.
965 3173 1023 3206 mos
1040 3166 1098 3206 erat
1116 3165 1147 3206 nt
1164 3159 1294 3221 principes
1311 3174 1388 3208 sena·

775 3247 834 3291 tum
863 3242 895 3290 de
919 3242 999 3291 rebus
1025 3242 1132 3291 maioris
1158 3243 1287 3291 momenti
1309 3245 1388 3292 certi-

775 3343 848 3376 orem
875 3328 1005 3391 facerent,
1036 3327 1069 3376 ci.
1096 3327 1243 3376 Mommsen
1266 3327 1328 3377 StR.
1353 3329 1388 3376 lll

774 3410 841 3460 1265
866 3412 887 3460 A
911 3409 934 3460 3.
970 3410 1086 3461 Senatus
1109 3413 1181 3460 enim
1207 3413 1389 3462 internuntius

774 3501 816 3544 est
840 3496 910 3544 inter
933 3496 1077 3558 principem
1102 3502 1130 3545 et
1153 3499 1288 3559 populum.
1315 3498 1387 3546 Non-

774 3594 923 3643 numquam
957 3584 1048 3629 tamen
1084 3581 1215 3644 principes
1248 3583 1315 3630 tales
1347 3597 1388 3630 res

774 3649 876 3712 statim¹
892 3679 938 3726 per
963 3666 1080 3714 edictum
1107 3681 1168 3714 curn
1196 3668 1291 3728 populo
1316 3681 1387 3714 com-

775 3749 992 3813 munit-averunt,
1005 3749 1037 3798 cs.
1047 3749 1194 3799 Mommsen
1205 3752 1221 3799 l.
1231 3752 1247 3800 l.
1259 3749 1323 3799 1265
1332 3750 1353 3798 A
1363 3749 1387 3800 1.

803 3847 856 3895 per
870 3848 1024 3896 praecones.
1047 3839 1156 3884 senatus
1174 3835 1223 3884 hac
1241 3841 1327 3885 aetate
1342 3851 1389 3899 per

773 3917 890 3967 edictum
908 3919 1044 3967 convocari
1059 3920 1173 3984 solebat,
1191 3920 1223 3968 cf.
1239 3919 1388 3968 Mommsen

773 4002 790 4051 l.
815 4003 831 4050 l.
855 4000 906 4050 ete
924 4003 945 4050 A
963 4000 993 4067 3,
1019 4003 1064 4051 sed
1082 4004 1110 4051 in
1128 4004 1208 4053 rebus
1225 4005 1332 4067 subitis,
1357 4010 1388 4054 ut
1479 3989 1481 3993 ¹

772 4087 837 4135 olirn
860 4102 978 4152 semper,
1003 4104 1050 4151 per
1071 4103 1210 4151 praecones
1227 4090 1387 4139 convocaba-

773 4176 831 4234 tur,
857 4173 889 4221 cl.
916 4173 1065 4222 Mommsen
1091 4176 1107 4222 l.
1127 4176 1143 4224 1.
1172 4174 1193 4222 A
1218 4174 1234 4222 ‘2
1258 4173 1281 4223 1³
1298 4173 1387 4224 3ots

773 4255 787 4304 7
807 4273 837 4299 =
855 4255 878 4305 1²
896 4256 945 4305 349
964 4258 986 4305 Α
1003 4256 1026 4307 3.

805 4344 964 4391 convocavit.
995 4343 1037 4391 ius
1072 4349 1194 4393 senatum
1228 4347 1388 4395 convocandi

771 4427 891 4489 Augusto
915 4442 1067 4476 concessum
1086 4432 1156 4491 erat,
1174 4429 1207 4478 cf.
1228 4431 1274 4478 Dio
1292 4431 1340 4494 54,
1357 4429 1387 4495 3,

771 4510 799 4560 3:
834 4507 953 4575 ἐπῃνεῖτο
985 4509 1052 4560 ὥστε
1084 4509 1130 4561 καὶ
1160 4510 1188 4561 τὸ
1215 4511 1261 4579 τὴν
1286 4512 1387 4580 βουλὴν

771 4592 921 4659 ἀθροίζειν,
954 4593 1046 4651 ὁσάκις
1073 4593 1104 4645 ἂν
1128 4594 1257 4663 ἐθελήσῃ,
1282 4596 1386 4664 λαβεῖν,

772 4682 842 4744 quod
869 4682 897 4731 in
923 4697 1085 4731 successores
1109 4683 1166 4731 eius
1183 4686 1311 4733 tralatum
1330 4700 1386 4734 esse

772 4766 847 4814 docet
870 4769 910 4815 lex
929 4767 960 4815 rle
979 4767 1088 4830 imperio
1106 4767 1259 4830 Vespasiani
1276 4768 1303 4818 C.
1321 4770 1339 4818 l.
1359 4771 1385 4818 L.

771 4851 804 4900 Vl
827 4849 877 4899 939
899 4868 929 4894 =
953 4852 1025 4900 Dess.
1043 4867 1068 4901 n.
1086 4850 1136 4900 tlt
1153 4854 1170 4902 l.
1188 4852 1204 4900 4
1220 4863 1273 4916 sq.:
1291 4854 1387 4916 utique
