3322 5512
720 328 761 389 33·

99 525 292 589 summotus
306 524 372 621 eet3
386 515 512 589 deiude
526 507 1378 608 extraneeveletiamdomestieerumaliquedefe-
1473 512 1511 589 0.
1540 516 1570 589 9.

99 650 196 714 rente
214 640 356 713 assidue
379 642 545 734 varieque
559 640 780 735 inquietatus.
799 641 889 713 tum
904 661 985 712 vere
1000 638 1137 712 detecta
1151 648 1243 712 esset
1256 638 1382 735 Lepidi

142 795 220 852 Suet.
247 794 313 852 Gai.
338 796 388 852 21.
431 812 489 870 quo
506 794 624 852 facilius
645 811 695 852 eae
718 792 856 868 (sorores)
878 792 909 850 in
930 811 1020 850 larisa
1039 792 1160 851 Aemilii
1185 791 1291 868 Lepidi
1314 811 1382 851 een-

99 903 251 962 demnavit
272 937 310 945 —
333 901 386 961 sed
411 910 441 960 et
462 908 524 959 tres
545 901 660 976 gladios
682 900 712 957 in
733 918 836 958 nerent
861 918 944 957 suain
966 907 1156 975 praeparatos
1170 898 1258 958 Marti
1272 899 1381 974 Ultori,

99 1010 200 1068 addite
221 1010 330 1086 elogiO,
353 1007 544 1067 eonsecravit.

142 1116 251 1175 Seueeu
271 1135 313 1191 ep.
335 1118 369 1188 4,
396 1118 419 1173 7.
464 1113 556 1173 Gaius
585 1115 693 1173 Caesar
721 1114 808 1172 iussit
836 1113 984 1190 Lepidum
1011 1113 1125 1172 Dextro
1152 1114 1270 1172 tribuno
1297 1132 1381 1191 prae-

100 1225 170 1284 bere
191 1224 347 1283 eervieern.

140 1330 255 1407 Josepu
280 1331 350 1388 Ant.
376 1329 441 1387 Iud
471 1328 553 1386 XIX
572 1330 602 1402 1,
631 1330 665 1401 3,
695 1330 745 1386 20.
790 1325 971 1398 Ιιινονκιιινὸς
1011 1326 1042 1390 δὲ
1081 1326 1122 1391 τί,
1154 1328 1210 1404 μὲν
1244 1328 1382 1393 Λεπίδου

102 1461 136 1501 τε
160 1437 293 1518 ἐκδικίᾳ,
325 1436 416 1517 φίλον
442 1435 503 1515 γοὶρ
528 1435 609 1514 αὐτῷ
633 1433 675 1498 rei
699 1433 840 1511 uolutare
865 1433 937 1498 ὄντα
962 1439 1066 1498 τοῦτον
1090 1435 1142 1499 καί
1169 1440 1226 1499 τῶν
1252 1441 1381 1500 πολιτῶν

102 1544 152 1608 σὺν
178 1543 223 1630 (ἐν
248 1541 442 1631 eoni.Nieee)
468 1543 580 1618 ὀλίγοις
604 1543 723 1622 οίνοιιρεῖ
742 1543 843 1615 Γοίιος,
868 1566 896 1608 κ.
921 1566 948 1606 τ.
975 1556 1005 1607 λ.

142 1649 275 1709 Rutilius
297 1649 416 1708 Numut.
439 1649 472 1707 de
493 1648 590 1706 reditu
613 1651 643 1722 Ι,
669 1651 741 1706 905.
783 1647 913 1722 Quartus
947 1649 1103 1726 (Lepidus)
1135 1650 1279 1709 Caesareo
1311 1651 1382 1709 duni

103 1759 166 1816 vult
185 1758 316 1834 irrepere
338 1774 444 1832 regnu,
465 1756 576 1814 Incesti
598 1773 721 1831 poenam
745 1757 834 1815 solvit
855 1757 1002 1815 adulterii.

142 1864 200 1923 Dio
224 1866 279 1938 59,
303 1865 362 1937 22,
386 1867 414 1922 ῠ.
456 1867 512 1926 τῶν
545 1862 577 1925 δὲ
609 1860 711 1926 σίλλων
744 1863 812 1934 τοὺς
843 1863 897 1940 μὲν
927 1863 1059 1934 πολλοὺς
1083 1864 1165 1928 οὐδὲν
1190 1864 1296 1942 δέομαι
1321 1866 1382 1929 ὀνο-

103 1969 198 2047 μαστί
222 1967 427 2045 καταλέγειν,
452 1963 489 2032 ὧν
513 1969 545 2033 δὲ
570 1969 604 2042 tt
629 1971 645 2042 ἡ
669 1969 783 2049 ίστορίοο
802 1971 857 2044 τὴν
874 1972 994 2047 μνήμην
1009 1971 1154 2044 οίτοιιτεῑ,
1179 1969 1297 2051 plera.
1315 1978 1382 2035 τοῦ·

103 2100 135 2141 το
166 2076 222 2154 μὲν
254 2075 315 2155 yet
348 2076 542 2140 Γοιιτοιίλικον
576 2075 761 2149 Λέντουλοι,
793 2076 834 2141 τοί
865 2102 899 2141 τε
931 2075 1018 2141 ἄλλοι
1049 2076 1204 2155 εὐδόκιμον
1236 2077 1307 2143 ίντοι
1332 2080 1383 2143 καὶ

103 2192 154 2258 τῆς
185 2184 355 2264 Γερμανίας
385 2183 461 2247 δέκα
494 2181 587 2248 ἔτεσιν
620 2181 777 2265 ἄρξαντα,
810 2182 1000 2257 οὶοτέκτεινεν,
1033 2179 1076 2247 ὅτι
1101 2191 1162 2254 τοῖς
1186 2185 1385 2264 στρατιώταις

104 2291 236 2372 ᾠκείωτο.

142 2399 202 2458 Dio
231 2402 286 2473 59,
316 2401 373 2472 22,
403 2402 422 2457 (ι’
447 2419 489 2474 sp.
511 2425 550 2448 =
574 2399 645 2456 Ζοιο.
669 2398 720 2456 XI
743 2404 762 2456 u
782 2418 813 2473 p.
836 2400 909 2456 4:53.
952 2403 1038 2462 τοῦτο
1085 2397 1117 2461 δὲ
1161 2398 1209 2462 τὸν
1253 2399 1383 2464 Λέπιδον

103 2507 228 2579 ἐκεῖνον,
253 2505 301 2569 τὸν
326 2507 472 2585 ἐραστήν,
497 2505 546 2570 τὸν
571 2506 731 2586 ἐρώμενον,
757 2503 806 2567 τὸν
830 2510 883 2576 τῆς
909 2503 1096 2583 Δρουσίλλνς
1120 2503 1233 2584 ι’ίνδροι,
1257 2505 1307 2570 τόν
1332 2508 1383 2571 καί

107 2621 173 2684 ταῖς
203 2612 318 2683 ἄλλοις
351 2614 443 2678 αὐτοῦ
476 2614 632 2695 ἀδελφαῖς
663 2622 699 2692 τῇ
732 2636 765 2675 τε
789 2610 978 2690 'apperuit
1002 2610 1055 2674 καί
1079 2621 1116 2690 τῇ
1142 2611 1288 2693 Λιονίλλρ
1313 2616 1383 2691 μετ’

106 2723 197 2786 αὐτοῦ
223 2721 333 2784 ἐκείνου
357 2719 500 2793 συνόντα,
525 2713 544 2782 d
560 2719 651 2784 πέντε
669 2717 747 2783 ἔτεσι
762 2716 879 2782 &aaron
895 2717 951 2788 τοὶς
967 2716 1072 2796 οίρχίις
1089 2717 1174 2797 παρὰ
1192 2719 1260 2789 τοὺς
1277 2720 1384 2798 νόμους

104 2829 228 2901 οοίτῆσοιι
260 2826 446 2907 ἐπέτρεψεν,
478 2819 507 2889 ‘iu
539 2828 591 2891 ιιοιί
621 2827 764 2905 διοίδοχον
789 2832 842 2897 τῆς
867 2822 1032 2900 ἡγεμονίας
1056 2824 1258 2904 καταλείψειν
1283 2828 1382 2903 ἐπνιγ-

105 2935 256 3011 γὲλλετο,
292 2935 508 3010 κατεφόνευσε.
544 2934 596 2998 καί
628 2940 690 3003 τοῖς
721 2957 754 2997 τε
787 2932 987 3011 στρατιώταις
1018 2931 1156 3010 οίρνύριον
1188 2933 1239 2996 ἐστὶ
1271 2934 1383 3014 τούτῳ,

103 3039 249 3121 κιιθοίτερ
275 3040 427 3117 πολεμίων
451 3041 534 3103 τινῶν
559 3039 763 3119 κεκρατνκιίς,
788 3038 895 3112 ἔδακε,
920 3039 972 3102 καί
996 3038 1120 3121 ξιφίδια
1144 3038 1211 3118 τρίιι
1231 3041 1272 3120 τῷ
1294 3042 1384 3121 ’Ἄρει

104 3151 143 3229 τῷ
167 3150 283 3229 τιμιορζο
307 3149 336 3221 ἐς
361 3150 414 3221 τίον
440 3147 553 3224 Ῥώμαν
579 3145 713 3225 ἔπεμψε.

105 3314 150 3376 qui
168 3312 217 3361 sibi
234 3313 338 3375 ingrata
356 3313 487 3372 fecerant,
511 3311 593 3359 Gaius¹
618 3311 716 3358 honore

105 3397 200 3460 movit,
233 3397 265 3445 cf.
299 3395 371 3446 Suet.
402 3395 458 3445 Gai.
484 3395 530 3445 2οῑ
565 3396 717 3444 consulibus

105 3482 194 3530 oblitis
217 3481 249 3529 de
273 3482 359 3529 natali
384 3495 431 3529 suo
455 3480 558 3529 edicere
574 3481 717 3542 ultropuuit

104 3567 307 3627 maptstrutuut.
337 3564 385 3613 Dio
408 3563 453 3626 59,
482 3563 529 3628 20,
558 3564 587 3613 l:
619 3560 663 3612 τὸν
688 3559 717 3612 δὲ

105 3645 227 3711 Δομίτιον
266 3644 312 3696 καί
346 3645 443 3696 ὕπατον
474 3644 557 3702 εὐθὺς
583 3644 717 3706 ἀπέδειξε,

105 3729 164 3788 τοὺς
182 3730 238 3781 τότε
256 3730 385 3796 ἄρχοντας
403 3729 559 3787 καταλύσας.

137 3819 355 3869 domesticorum.
390 3833 421 3867 ex
439 3818 551 3879 losepho
568 3819 585 3866 l.
604 3819 621 3864 l.
640 3818 717 3866 disni-

106 3920 164 3952 nrus
182 3902 324 3952 Claudiurn
338 3918 354 3950 a
365 3917 440 3951 servo
453 3917 501 3951 suo
514 3901 620 3951 Polluce
633 3903 718 3951 neseio

105 3989 179 4054 ¹cuius
202 3989 240 4037 rei
264 3988 383 4051 capitalis
406 3992 561 4036 accusatum
579 3988 623 4035 sed
642 3987 717 4036 abso-

106 4075 193 4122 luturn
212 4087 277 4121 esse.

137 4158 312 4220 inquietatus.
342 4156 373 4204 cf.
404 4157 465 4205 Ner.
487 4155 533 4204 34:
565 4157 718 4205 summissis

106 4242 153 4304 qui
183 4266 216 4274 —
247 4240 351 4289 Rontue
382 4247 535 4290 ιιιοναιιίοιιι
570 4241 660 4289 litibus
686 4266 720 4273 —

105 4327 296 4388 inquietarent.

138 4411 241 4460 detecta
258 4412 417 4460 coniuratio.
436 4412 468 4458 uf.
487 4411 552 4459 Aeta
569 4410 642 4459 fratr.
659 4411 710 4459 Arv

107 4495 211 4544 Henzen
235 4511 258 4557 p.
283 4495 363 4543 XLIX
389 4511 419 4537 =
445 4493 472 4542 0.
492 4495 509 4542 l.
529 4495 557 4544 L.
580 4495 614 4542 Vl
639 4493 718 4543 202οι

106 4578 190 4640 u(ute)
224 4578 321 4641 d(ient)
361 4579 397 4627 VI
427 4580 451 4627 1ο.
479 4580 603 4629 Νουοιιιίο.
630 4606 662 4612 -
688 4580 719 4628 ob

106 4665 207 4714 detecta
232 4664 343 4726 nefaria
361 4661 488 4725 cou[sttiu
505 4666 536 4713 νἰι
555 4662 719 4726 οοοε(αι·οιιο)

106 4747 283 4811 Αιιρ(ασιιιιιι1
307 4747 516 4810 Gerutuutlcuru
542 4748 587 4797 Cu.
612 4750 720 4798 Lentuli

108 4830 273 4894 Gueltulicil.

807 3309 911 3358 Henzen
925 3311 941 3357 l.
957 3311 973 3358 l.
987 3326 1009 3372 p.
1024 3309 1055 3358 77
1075 3317 1145 3359 recte
1161 3312 1209 3359 heu
1224 3312 1382 3362 sacrificium

772 3409 841 3443 anno
873 3391 964 3456 792139
995 3394 1097 3443 tribuit.
1131 3393 1284 3445 Gaetulicus
1311 3397 1382 3445 enirn

771 3479 928 3527 interfectus
946 3483 999 3540 est,
1018 3493 1078 3527 eum
1098 3478 1124 3528 G.
1143 3478 1240 3529 Caesar
1256 3481 1284 3529 in
1298 3480 1384 3530 Gallia

772 3568 921 3612 moraretur
944 3560 1004 3625 (Dio
1028 3561 1073 3626 59,
1097 3563 1156 3630 22),
1180 3582 1233 3629 quo
1251 3582 1274 3615 a.
1293 3565 1384 3630 792139

773 3648 904 3710 profectus
935 3654 990 3711 est,
1021 3664 1082 3697 curn
1114 3649 1170 3698 Kal.
1202 3651 1334 3701 ianuariis
1360 3667 1383 3700 a.

773 3731 864 3796 793l40
893 3733 1004 3781 tertium
1039 3735 1207 3784 consulatum
1241 3736 1385 3799 Luguduni

772 3818 862 3867 inierit
885 3815 969 3878 (Suel.
995 3816 1051 3866 Gai.
1073 3816 1119 3879 17,
1144 3820 1190 3867 llio
1208 3817 1254 3883 59,
1278 3819 1324 3881 al,
1348 3818 1383 3880 2).

773 3902 839 3951 Cum
866 3906 956 3950 aurtern
984 3900 1068 3950 Galba
1093 3917 1226 3951 sinueseer
1252 3902 1382 3953 Gaetulici

772 4004 800 4046 se
832 3987 963 4050 praesenti
995 3984 1059 4035 Gaio
1087 3987 1228 4048 approbare
1256 3989 1383 4050 potuerit,

772 4070 859 4133 (Galb.
885 4070 912 4132 e)
937 4069 1073 4133 Gaiusque
1096 4071 1151 4133 ipse
1176 4086 1211 4132 pr.
1237 4071 1293 4119 Kal.
1312 4070 1383 4134 Sept.

773 4173 795 4206 a.
831 4154 922 4219 793sto
956 4156 1067 4204 Ruinam
1095 4156 1203 4204 redierit
1233 4154 1301 4217 (Gai.
1325 4155 1383 4220 49),

773 4256 878 4290 necesse
896 4246 935 4289 est
954 4241 1112 4290 surrilieiurn
1131 4256 1153 4289 a.
1173 4236 1264 4301 792139
1281 4241 1383 4289 facturn

773 4327 814 4375 sit.
833 4328 870 4375 De
883 4327 925 4374 die
938 4332 1042 4387 tamen,
1055 4341 1108 4388 quo
1123 4325 1269 4374 coniuratio
1281 4327 1385 4374 detecta

773 4416 826 4474 est,
857 4408 931 4459 nobis
962 4409 1028 4458 nihil
1057 4414 1220 4472 rornperturn
1247 4415 1300 4472 θεῖ,
1331 4425 1383 4459 nen

775 4496 846 4544 enirn
873 4494 1071 4543 assentiendum
1097 4510 1152 4544 esse
1176 4500 1239 4556 putu
1257 4494 1384 4544 Schilleru

774 4581 804 4629 H.
829 4580 846 4627 1.
873 4580 902 4628 R.
928 4580 938 4627 1
962 4594 985 4640 p.
1012 4577 1062 4627 310
1088 4580 1185 4628 dicenti
1210 4595 1239 4628 eo
1263 4579 1317 4642 ipso
1342 4579 1384 4628 die

774 4666 904 4714 detectam
923 4665 1132 4712 coniurationem
1150 4680 1219 4726 esse,
1238 4679 1290 4726 quo
1303 4664 1384 4713 saeri-

776 4749 864 4798 liriurn
884 4751 985 4797 farctum
1004 4749 1045 4797 sit.
1075 4748 1149 4798 Talia
1167 4749 1238 4797 eninr
1257 4747 1384 4797 sacrificia

773 4834 855 4882 semel
881 4833 938 4881 lieri
960 4835 1046 4881 solent
1063 4831 1162 4895 (neque
1182 4833 1230 4881 huc
1248 4833 1385 4880 Henzenus

1269 4925 1285 4971 3
