3322 5512
713 336 768 394 171.

100 518 1375 616 ‹mmmmdemQfflmmmmssmmbmmmmn
1470 520 1589 594 Ost

101 643 340 717 sacerdotibus
365 668 427 740 per
451 645 619 716 Halotum
647 643 837 739 spadonem
864 655 1182 740 praegustatorem
1217 644 1293 736 alii,
1321 644 1379 717 do-

101 768 240 841 mestico
274 768 433 841 convivio
467 767 667 864 peripsam
694 767 944 864 Agrippinam,
979 793 1070 864 quae
1095 770 1246 842 boletum
1273 770 1379 843 medi-

100 903 214 965 catum
249 892 451 965 avidissimo
486 893 639 966 ciborum
674 892 795 965 talium
831 894 1011 966 obtulerat.
1048 894 1164 967 Etiam
1190 894 1234 967 de
1260 895 1379 967 subse-

100 1017 1381 1111 qmmwmmmwmfflmmmmwfflmmm

140 1179 220 1237 Plirr.
249 1179 286 1237 H.
314 1180 351 1238 N.
380 1179 483 1238 XXII.
514 1181 563 1237 92.
605 1180 684 1238 inter
711 1198 745 1238 ea
773 1198 849 1256 quae
878 1187 989 1239 temero
1015 1181 1198 1239 manduntur
1217 1189 1248 1240 et
1268 1181 1382 1240 boletos

100 1285 205 1344 merito
226 1287 392 1362 posuerim,
414 1287 505 1363 opimi
526 1287 648 1364 quidem
669 1289 724 1346 hos
745 1287 818 1360 eibi,
840 1288 894 1346 sed
911 1288 1056 1346 immenso
1071 1288 1210 1363 exemplo
1223 1289 1254 1346 in
1269 1288 1382 1347 crimen

99 1393 258 1467 adductos,
281 1412 394 1453 veneno
416 1395 532 1455 Tiberio
554 1395 679 1454 Claudio
699 1394 828 1471 principi
846 1413 899 1470 per
914 1396 989 1454 haue
1003 1394 1190 1454 occasionem
1205 1397 1241 1455 ab
1256 1396 1381 1472 coniuge

100 1499 265 1576 Agrippina
285 1501 362 1560 dato.

139 1606 199 1664 Dio
213 1609 260 1680 60,
273 1609 324 1680 35,
338 1609 411 1683 asp.
454 1604 584 1687 ὅθενπερ
610 1610 734 1680 Λούκιος
756 1608 872 1678 Ἰούνιος
898 1607 1036 1670 Palaiai
1054 1609 1066 1670 ὁ
1083 1613 1135 1671 τοῦ
1152 1606 1269 1671 Σενὲκοι
1286 1609 1379 1672 cilsa-

100 1710 158 1791 <pla
187 1712 383 1777 οὶοτειότοοτόν
415 1739 443 1777 τι
474 1713 722 1798 άπεῷθὲνξιντο.
749 1755 790 1764 -
814 1717 921 1787 ἐκεῖνος
945 1715 976 1777 δὲ
1000 1716 1030 1777 ἐν
1056 1713 1248 1794 &aegerrimo
1274 1715 1380 1778 molari

100 1817 188 1881 εἰπὼν
221 1821 516 1896 incollocatum.
542 1824 646 1896 ἐπειδὴ
672 1822 732 1902 γὰρ
757 1823 826 1892 τοὺς
850 1823 879 1884 ἐν
904 1822 945 1900 τῷ
970 1821 1159 1901 δεσμωτηρίῳ
1183 1819 1381 1898 &stratoclei-

100 1949 164 1995 νιυς
199 1927 372 2006 ἀγκίστροις
407 1930 466 1992 τισὶ
502 1929 654 2005 μεγάλοις
689 1930 713 1992 οἱ
748 1930 846 2005 δήμιοι
883 1927 912 1999 ἔς
943 1952 977 1992 τε
1010 1928 1062 2000 τὴν
1095 1927 1211 2007 ἀγορὰν
1244 1929 1380 1991 οὶνεῖλκον

99 2031 266 2098 κιὶντεῦθεν
298 2036 328 2107 ἐς
359 2037 409 2100 τὸν
442 2037 581 2114 ποτνμὸν
614 2036 731 2116 ἔσυρον,
765 2036 824 2117 ἔφη
849 2037 898 2099 τὸν
924 2036 1072 2100 liberalior
1097 2034 1251 2114 ἀγκίστρῳ
1276 2036 1307 2105 ἐς
1332 2035 1380 2098 τὸν

101 2141 220 2219 copario
244 2142 460 2224 ἀνενεχθῆναι.
485 2143 537 2207 aori
561 2145 574 2208 ὃ
598 2145 696 2224 Νέρων
722 2145 753 2207 δὲ
778 2147 829 2208 οὐκ
845 2145 977 2225 οὶπιὶξιον
996 2143 1118 2220 μνήμης
1135 2142 1206 2213 ἔντος
1221 2141 1379 2217 κοιτέλιοιε.

100 2248 167 2318 τοὺς
198 2248 259 2329 γὰρ
291 2251 430 2326 plancae
462 2249 540 2315 θεῶν
572 2250 683 2330 lipsiae
715 2250 822 2326 ἔλεγεν
855 2244 947 2322 eiras,
980 2246 1023 2313 ὅτι
1048 2249 1098 2338 axi
1122 2250 1231 2319 ἐκεῖνος
1255 2248 1305 2311 ora
1329 2254 1381 2312 τοῦ

100 2355 232 2430 alapres
256 2353 327 2426 θεὸς
351 2356 497 2432 ἐγεγόνει.

140 2462 270 2521 Marlr'ol.
293 2463 314 2522 I
330 2466 387 2538 20,
409 2467 436 2523 4.
479 2465 616 2524 Boletum
638 2465 755 2543 qualem
778 2464 922 2524 Claudius
943 2464 1006 2523 edit
1027 2464 1106 2523 edas.

141 2569 206 2627 floro.
242 2570 270 2627 V
291 2573 354 2629 147.
399 2571 522 2631 Baletus
556 2571 675 2629 domino
714 2570 878 2648 (ponetur),
914 2571 967 2630 sed
996 2571 1100 2647 quales
1129 2571 1272 2630 Claudius
1304 2571 1381 2642 edit,

100 2675 178 2734 Ante
199 2676 284 2734 illum
306 2678 425 2751 uxoris,
446 2685 623 2754 postquem
645 2678 688 2737 nil
709 2677 838 2753 amplius
859 2678 929 2736 edit.

139 2782 204 2840 Jav.
240 2783 283 2840 VI
307 2786 378 2842 020.
421 2785 519 2844 minus
548 2802 619 2860 ergo
646 2802 756 2843 nocens
784 2785 842 2843 erit
861 2783 1045 2861 Agrippinae
1069 2785 1204 2858 Baletus,
1233 2785 1381 2861 siquidem

101 2889 190 2947 unius
212 2891 382 2965 praecordia
403 2893 513 2967 pressit
533 2891 590 2951 llle
611 2892 699 2951 senis.

103 3055 224 3100 mortuus
250 3057 303 3112 est,
327 3053 343 3101 i.
368 3067 390 3101 e.
414 3067 436 3101 a.
456 3055 480 3101 0.
504 3053 538 3102 lV
559 3054 618 3102 idus
644 3052 715 3117 Oct,

100 3137 147 3198 qui
173 3136 229 3185 dies
257 3137 368 3186 ultimus
387 3137 574 3201 Augustalium
593 3138 658 3202 fuit,
682 3139 714 3187 ci.

101 3219 157 3269 Kal.
174 3220 255 3269 Amit.
273 3220 300 3269 C.
320 3222 338 3270 1.
357 3222 384 3271 L.
403 3219 425 3270 1²
443 3237 467 3285 p.
486 3222 548 3272 244:
566 3223 713 3285 Auatusta·

100 3302 149 3365 lia)
181 3305 277 3354 Fcriae
304 3320 338 3355 ea
361 3321 381 3354 s.
400 3322 420 3354 c.
447 3306 542 3369 qtaod)
568 3306 621 3369 e(o)
647 3306 714 3369 aliie)

100 3389 166 3451 imp.
186 3388 258 3438 Caes.
276 3389 345 3452 Aap.
364 3405 397 3439 erc
416 3389 634 3453 transmarimis)
647 3407 713 3455 pro-

99 3470 207 3535 cinctis)
228 3475 324 3524 arbem
347 3476 377 3523 in
402 3478 483 3525 travit
500 3472 626 3538 araq(ae)
645 3477 713 3525 For-

101 3556 205 3619 t(lmae)
223 3560 315 3608 reduci
332 3558 511 3621 constit(ato).

133 3643 271 3693 Halotum.
298 3644 330 3693 de
356 3660 387 3693 eo
413 3645 445 3694 cf.
472 3643 546 3694 Galb.
571 3645 615 3694 l5:
644 3647 714 3704 Quia

100 3730 198 3791 etiam,
215 3730 315 3791 populo
331 3729 363 3778 R.
381 3731 714 3792 deposcentesapplieiam

101 3813 195 3861 ιιαιοιι
221 3819 246 3862 ιι
276 3813 415 3877 reperiar,
442 3804 510 3864 loros
532 3829 566 3863 ex
589 3816 713 3864 omniuo

101 3898 215 3948 Neronis
232 3901 382 3949 emissariis
400 3901 441 3949 oel
452 3899 713 3960 araleficeatissimos

101 3983 249 4034 incolumes
268 3986 408 4047 praestitit
425 3991 508 4047 atque
525 3985 639 4046 iasuper
655 3983 713 4032 Ha—

102 4067 187 4116 lotum
202 4070 393 4131 procuratione
410 4070 585 4131 omplissima
597 4070 713 4118 ornauit.

101 4150 128 4200 Si
153 4157 274 4201 accurate
302 4154 349 4201 boc
371 4155 426 4202 loco
450 4152 594 4202 Suetonius
618 4153 712 4213 tradit,

101 4236 207 4285 Tacitus
241 4238 283 4287 hic
316 4253 422 4301 quoque
457 4239 524 4287 diras
558 4237 714 4286 traditiones

101 4322 304 4384 contaminavit,
333 4337 395 4371 nam
422 4327 449 4370 et
473 4337 519 4385 per
543 4322 668 4370 Halotum
686 4327 714 4370 et

102 4405 187 4454 boleto
218 4407 347 4454 medicato
379 4405 519 4456 Claudium
552 4411 713 4455 renouatum

101 4505 157 4539 esse
175 4490 273 4540 scribit.

132 4582 369 4637 praeposterarem
386 4577 402 4624 i.
419 4591 441 4624 e.
455 4592 561 4626 serrum
580 4578 626 4640 qui
644 4577 715 4625 cibos

103 4665 232 4723 potusque
256 4666 336 4723 gustu
360 4666 422 4708 ante
440 4663 564 4723 explorat.
583 4661 715 4710 Antonius

100 4744 224 4804 triumvir
241 4745 341 4806 primus
352 4745 530 4794 Romanorum
541 4746 612 4794 hunc
621 4761 714 4808 regom

101 4826 278 4878 Orientalium
303 4844 404 4879 morem
428 4828 558 4892 (Xenopb.
584 4828 644 4893 Cyr.
662 4828 714 4879 13.

769 3053 857 3102 lustin
874 3053 922 3102 llll
940 3051 984 3113 ll)
1002 3058 1110 3104 secutus
1127 3060 1185 3103 erat
1202 3054 1245 3114 (cf.
1265 3054 1331 3103 Plin.
1350 3054 1380 3102 H.

769 3137 800 3187 N.
818 3136 865 3200 al,
888 3136 934 3186 12:
958 3152 1027 3186 aona
1049 3139 1291 3201 praegustantium
1316 3138 1381 3186 dili-

768 3220 884 3285 pentio),
911 3227 939 3271 et
965 3228 1054 3285 postea
1076 3228 1289 3286 praegustatores
1312 3222 1383 3271 inter

769 3309 948 3356 instrumenta
975 3308 1052 3355 aulae
1078 3312 1241 3356 manserunt..
1268 3306 1382 3370 Augusti

769 3395 954 3454 praegustator
971 3389 1094 3452 (sortasse
1107 3396 1229 3454 acceptus
1239 3391 1271 3439 ab
1281 3391 1381 3439 Herode

768 3493 829 3537 rege
848 3475 972 3538 Iudaeae)
990 3477 1144 3525 nominatur
1154 3476 1182 3524 in
1191 3477 1271 3524 titulo
1282 3475 1382 3523 urbano

768 3560 796 3611 G.
814 3562 832 3610 l.
851 3562 877 3609 L.
898 3561 930 3610 VI
947 3559 1136 3610 9005=Dess
1154 3575 1179 3609 ιι.
1194 3558 1277 3609 l795:
1297 3560 1382 3609 Gerlio

770 3647 841 3696 Coeli
859 3647 1012 3697 Heracliani
1024 3647 1225 3709 praegustator.
1239 3645 1310 3694 dicii
1322 3641 1382 3704 (sic)

767 3731 883 3793 Aapasti
910 3732 983 3780 idem
1010 3737 1105 3794 postea
1128 3730 1223 3778 vilicus
1246 3730 1276 3777 ia
1298 3729 1382 3776 lrortis

767 3814 945 3864 Sallustiaais
976 3816 1087 3864 decessit
1118 3812 1220 3875 rroa(is)
1251 3812 1383 3874 Augustis

768 3899 804 3948 M.
831 3899 936 3950 Cocceio
959 3900 1050 3949 Neroa
1074 3899 1100 3947 C.
1124 3898 1198 3946 Vibio
1215 3896 1314 3959 Rufino
1331 3911 1380 3944 cos.

767 3983 839 4032 Ialia
865 3984 963 4033 Prima
985 3990 1103 4046 patrono
1126 3997 1181 4031 suo.
1209 3981 1312 4030 Claudii
1335 3985 1383 4029 aut

768 4068 879 4117 Neronis
898 4073 1082 4130 praegustator
1100 4067 1253 4116 nominatur
1270 4064 1297 4114 C.
1316 4067 1334 4114 l.
1353 4066 1380 4114 L.

768 4153 804 4202 XI
822 4151 889 4201 36l2
907 4170 937 4196 =
956 4153 1027 4202 Dess.
1037 4169 1062 4201 n.
1072 4152 1152 4215 root,
1168 4151 1280 4201 Neronis
1290 4149 1316 4199 C.
1328 4151 1345 4198 l.
1361 4151 1380 4198 L

768 4236 875 4287 Xss324
893 4254 923 4280 =
941 4238 1012 4286 Dess,
1037 4252 1062 4286 n.
1088 4235 1162 4285 1734.
1186 4236 1236 4285 Tot
1258 4235 1381 4296 fuerunt,

769 4329 799 4371 ut
816 4323 957 4385 collegium
973 4321 1121 4384 efficerent,
1139 4322 1209 4384 quorl
1226 4335 1305 4369 suum
1322 4334 1381 4382 pro·

767 4412 917 4456 curatorem
934 4407 1060 4469 ilabebat,
1078 4407 1110 4455 cf.
1126 4405 1153 4454 (l.
1164 4406 1182 4454 1.
1194 4405 1220 4454 L.
1232 4404 1264 4453 Vl
1274 4402 1341 4453 9003
1350 4421 1380 4448 =

769 4492 840 4540 Dess.
859 4506 884 4539 n.
902 4489 980 4539 troo:
1005 4492 1049 4539 (lis
1065 4490 1194 4540 alaribus
1215 4490 1253 4539 Ti.
1272 4489 1381 4538 Claudii

768 4575 837 4637 Aap.
869 4576 913 4624 lib.
945 4576 1045 4623 Zosimi
1066 4572 1277 4638 procaral(oris)
1300 4589 1380 4636 prae·

768 4666 940 4722 pastolarem
960 4659 1076 4708 Claudia
1093 4659 1381 4709 Ealolecoaianocoiro

770 4746 951 4794 benemerenti
974 4751 999 4794 et
1024 4744 1138 4793 Claudia
1155 4743 1306 4806 Eustoclrps
1324 4744 1381 4805 filia

768 4832 846 4893 patri
867 4831 1050 4892 pientissimo.
1075 4827 1102 4878 Ο.
1126 4830 1145 4878 Ι.
1169 4828 1197 4877 L.
1215 4829 1249 4878 Vl
1266 4827 1332 4878 9004
1350 4844 1380 4871 =
