3322 5512
791 348 848 407 105

178 532 411 606 demandavit
445 532 560 629 Capiti
586 532 717 629 Papiae
743 533 928 629 Poppaeae
952 533 1043 628 legis
1068 557 1091 605 a
1116 530 1257 604 Tiberio
1284 529 1455 619 Caesare,

178 657 277 752 quasi
323 658 544 753 sexagenarii
583 681 752 754 generare
792 681 860 732 non
899 665 1060 754 possent,
1108 655 1227 730 addito
1264 652 1456 747 obrogavit.

178 783 301 857 Sanxit
326 793 365 857 ut
389 783 532 880 pupillis
557 793 658 858 extra
682 784 838 857 ordinem
864 791 997 857 tutores
1018 806 1041 855 a
1059 780 1260 855 consulibus
1276 779 1457 870 darentur,

176 1039 361 1089 Articuleiano
372 1046 481 1090 senatus
491 1042 611 1090 consulto
622 1037 658 1102 (a.
667 1036 788 1102 8761113)

176 1131 295 1188 cavetur,
312 1131 343 1174 nt
360 1127 391 1174 in
404 1127 554 1187 provinciis
569 1126 710 1188 praesides
722 1140 788 1188 pro·

176 1211 280 1261 vinciae
305 1218 477 1275 capnoscant,
510 1213 572 1262 licet
588 1212 663 1261 lieres
680 1226 736 1262 non
752 1213 789 1261 sit

175 1298 233 1346 eins
248 1297 412 1358 provinciae.

208 1381 393 1444 potestatibus.
412 1382 480 1443 apud
500 1397 566 1444 quos
584 1386 787 1444 potestasesset.

176 1466 232 1525 Quo
249 1481 329 1516 sensu
346 1465 491 1515 Suetonius
508 1466 558 1516 hac
576 1481 637 1516 uoce
654 1470 789 1530 praeterea

176 1566 239 1600 usus
261 1555 303 1600 est
318 1551 380 1601 Ner.
397 1549 444 1600 36:
469 1552 585 1600 summis
599 1551 788 1613 potestatibus.

175 1636 272 1684 Eadem
289 1635 481 1699 significatione
494 1636 653 1685 vocabulum
667 1637 789 1699 migravit

175 1721 201 1768 in
217 1720 338 1784 linguas,
361 1735 429 1783 quos
451 1721 583 1769 Romanas
601 1736 738 1785 vocamus,
754 1723 787 1771 cf.

174 1805 201 1853 in
225 1805 317 1868 lingua
334 1805 401 1853 Itala
417 1805 544 1867 pedestri,
568 1806 683 1869 Hispana
699 1812 787 1868 potes-

175 1890 235 1952 tod,
253 1889 381 1938 Lusitana
390 1889 522 1952 podestat.
540 1888 579 1938 of.
589 1889 616 1940 E.
626 1890 706 1938 Klebs
717 1891 787 1952 apud

175 1973 343 2023 Friedli'tnder
359 1973 417 2022 inv.
434 1974 458 2022 11
476 1990 499 2037 p.
517 1972 574 2023 609.

206 2060 390 2108 demandavit.
404 2073 467 2108 narn
480 2059 600 2122 princeps
612 2060 668 2122 ipse
681 2074 788 2122 quoque

175 2145 242 2193 lianc
265 2143 474 2193 iurisdietionem
498 2159 621 2194 exercere
644 2145 743 2207 potuit,
761 2149 788 2194 et

174 2229 288 2292 cognitio
306 2229 516 2279 extraordinaria
533 2234 603 2292 erat,
621 2230 653 2279 ci.
672 2231 729 2293 Dig.
747 2229 787 2292 50,

173 2312 212 2363 16.
237 2313 300 2376 172,
323 2313 353 2363 2:
380 2314 618 2364 eatraordinarias
639 2315 787 2377 persecuti-

173 2414 235 2448 ones
257 2405 287 2447 ut
309 2405 378 2461 puta
402 2400 467 2462 fidei
490 2399 698 2448 conantissornm
721 2406 747 2448 et
764 2401 787 2448 si

174 2499 242 2546 qaae
263 2485 335 2533 aliae
358 2489 423 2533 sant
440 2499 510 2546 qliae
527 2499 583 2533 non
602 2484 701 2533 habeat
718 2485 787 2534 iuris

174 2569 309 2618 ordinarii
326 2570 517 2619 emanationem.

207 2653 299 2715 Capiti
325 2654 430 2716 Papiae
455 2654 599 2716 Poppaeae
627 2653 700 2715 lepis.
736 2653 787 2702 truc

172 2743 272 2802 spectat
288 2739 392 2802 Ulpian.
405 2736 452 2801 16,
469 2737 499 2788 3:
520 2737 571 2796 Qai
589 2739 664 2786 intra
676 2753 786 2800 seaape-

172 2824 274 2872 siniam
290 2825 331 2873 oei
348 2836 418 2886 qaae
437 2825 513 2872 intra
526 2809 789 2885 quinquagesimam

173 2923 277 2958 annana
299 2910 393 2958 neutri
417 2905 524 2970 lepi·(i.
542 2923 563 2956 e.
585 2907 673 2957 Iuliae
690 2914 715 2956 et
731 2907 786 2956 Pa-

170 2995 234 3056 piae
268 2991 424 3057 Poppaeae)
453 2993 593 3056 paruerit,
628 2994 688 3042 iicet
719 2994 786 3055 ipsis

172 3079 275 3140 lepidas
306 3084 369 3141 post
403 3078 472 3127 hunc
506 3083 624 3127 aetatem
657 3077 786 3126 liberatas

172 3170 251 3226 esset,
271 3165 412 3226 perpetuis
432 3170 522 3213 tamen
538 3164 633 3225 poenis
651 3163 784 3212 tenebitur

171 3263 205 3296 ea
226 3254 334 3298 senatus
357 3250 478 3299 consulto
496 3248 661 3298 Perniciano
678 3244 783 3307 (Persi-

172 3334 248 3381 aiano
275 3333 340 3382 coni.
363 3331 538 3395 Perizonius);
563 3333 609 3381 sed
633 3331 784 3381 Claudiano

171 3421 279 3465 senatus
304 3417 424 3466 consulto
449 3418 539 3465 naaior
561 3418 742 3478 senapenario
760 3417 783 3465 si

171 3503 306 3551 minorem
323 3503 564 3564 qainqreapenaria
577 3501 701 3564 dnoecrit,
719 3516 783 3563 per·-

171 3588 233 3636 inole
258 3586 412 3649 habebitur,
436 3601 468 3635 ac
490 3587 514 3634 si
531 3587 624 3635 ntinor·
640 3586 784 3647 seoeapinta

170 3685 306 3720 annornm
322 3671 444 3720 duxisset
460 3685 582 3720 necarent.
601 3672 694 3733 ltaque
708 3684 783 3719 sexa-

171 3755 271 3818 genarii
295 3755 398 3818 legibus
426 3755 493 3803 Iulia
516 3760 543 3804 et
567 3756 647 3818 Papia
664 3755 784 3817 Poppaea

171 3854 221 3888 non
246 3838 413 3888 tenebantur.
441 3839 515 3898 Quod
537 3845 646 3890 senatus
663 3841 783 3889 consulto
810 3835 812 3841 ’

171 3929 257 3973 aemte
274 3922 370 3972 Tiberii
388 3925 458 3974 facto
475 3923 541 3986 (sive
558 3926 584 3974 id
598 3925 783 3975 Per-nicianum

170 4009 222 4056 siue
248 4008 427 4057 Persicianum
453 4009 470 4058 i.
496 4025 518 4059 e.
546 4011 648 4059 factum
676 4014 784 4059 auctore

171 4093 261 4142 Paullo
285 4092 364 4142 Fabio
387 4093 490 4144 Persico
514 4110 564 4144 cos.
583 4110 607 4144 a.
626 4092 783 4158 787131110-

170 4176 327 4226 minandum
350 4176 402 4239 est)
426 4178 464 4226 ita
487 4179 663 4229 immutatum
681 4184 734 4242 est,
754 4185 784 4228 ut

170 4261 250 4310 etiarn
267 4262 289 4310 si
306 4263 493 4325 sexagenarius
515 4263 714 4312 matrimonium
733 4263 784 4311 ini-

169 4349 222 4408 ret,
253 4360 337 4408 poena
369 4348 459 4409 legum
489 4352 635 4397 teneretur.
670 4347 710 4396 Ab
736 4348 785 4396 hoc

168 4429 291 4480 instituto
309 4429 418 4480 Claudio
437 4436 543 4481 auctore
562 4436 593 4480 ut
610 4437 784 4495 recesserunt,

168 4513 205 4562 ita
222 4528 275 4563 non
292 4514 325 4562 ad
344 4515 503 4579 praescripta
514 4517 580 4580 legis
591 4516 687 4579 Papiae
699 4516 784 4566 redie-

168 4605 245 4662 runt,
276 4614 338 4649 narn
369 4601 533 4664 sexagenarii
565 4601 674 4650 demum
702 4613 785 4663 poena

168 4686 257 4746 legum
275 4684 380 4733 liberati
398 4689 474 4748 sont,
492 4685 514 4733 si
531 4699 640 4734 uxorem
654 4685 784 4734 minorem

167 4769 396 4832 quinquagenaria
413 4769 556 4819 duxissent.
575 4769 668 4829 (Plane
680 4774 784 4818 contra·

167 4853 233 4903 riam
247 4853 449 4916 explicationem
458 4855 568 4916 protulit
577 4854 603 4903 P.
613 4855 685 4917 liirs,
699 4853 785 4905 Ueher

843 1040 888 1088 das
921 1037 1073 1087 Verhiiltuis
1098 1037 1146 1086 der
1171 1037 1212 1084 lex
1239 1034 1308 1084 Iulia
1333 1034 1365 1082 de
1392 1048 1456 1082 rnar.

842 1124 896 1172 ord.
921 1139 967 1171 zur
991 1124 1033 1170 lex
1057 1121 1136 1184 Papia
1158 1121 1276 1182 Poppaea
1299 1135 1321 1181 p.
1343 1118 1375 1167 i‘l
1393 1118 1414 1166 Α
1432 1117 1456 1166 d.

843 1208 924 1256 Putat
946 1207 1018 1255 enim
1042 1206 1172 1254 rationem
1189 1205 1263 1253 illam
1280 1204 1360 1266 qimai
1377 1218 1456 1252 sera-

842 1293 948 1356 penarii
965 1305 1097 1354 penerare
1114 1305 1169 1339 non
1184 1295 1293 1352 possent
1301 1289 1383 1351 ipsius
1392 1288 1457 1350 legis

842 1371 1457 1440 PapiaePoppaeaetuissedenuoqneaGlaudio

841 1462 1020 1511 introductam
1046 1461 1143 1522 fuisse,
1169 1465 1279 1510 senatus
1304 1459 1456 1508 consultum

842 1561 902 1596 vero
921 1546 1107 1596 Pernicianum
1122 1560 1138 1594 a
1150 1544 1328 1608 sexagenariis
1339 1543 1456 1606 exegisse

842 1636 874 1681 ut
888 1631 1090 1681 matrimonium
1105 1630 1217 1692 inirent,
1237 1629 1259 1679 si
1274 1644 1357 1692 poena
1366 1630 1456 1691 legum

842 1716 910 1766 affici
928 1718 1045 1780 nollent,
1063 1715 1140 1780 quasi
1154 1714 1318 1779 sexagenarii
1330 1728 1457 1778 generare

842 1808 956 1865 possent.
975 1801 1060 1861 Quam
1076 1806 1167 1851 tamen
1184 1800 1386 1863 explicationem
1400 1814 1456 1848 rec-

841 1894 897 1938 tam
907 1903 960 1937 non
970 1903 1027 1937 esse
1036 1888 1091 1950 ipsa
1100 1887 1234 1936 collocatio
1244 1885 1384 1934 verborum
1395 1900 1456 1933 nos-

842 1975 876 2023 tri
894 1974 943 2023 loci
960 1974 1043 2023 docet.
1060 1973 1134 2022 Idem
1151 1969 1207 2033 (1.1,
1222 1969 1283 2032 A3)
1296 1972 1352 2020 sine
1364 1986 1456 2032 cansa,

841 2060 945 2122 opinor,
964 2075 1009 2122 pro
1027 2060 1094 2120 lepis
1112 2057 1254 2120 legendum
1272 2062 1363 2107 censet
1381 2055 1454 2120 lepi).

842 2145 880 2192 Ad
897 2149 1007 2194 senatus
1019 2144 1171 2192 consultum
1183 2143 1369 2192 Pernicianum
1382 2157 1456 2204 spec-

843 2233 882 2278 tat
907 2228 1008 2278 Seneca
1033 2225 1077 2289 (fr.
1103 2225 1159 2276 119.
1186 2227 1222 2275 111
1247 2243 1270 2290 p.
1288 2225 1337 2276 tto
1361 2226 1456 2288 Haase)

841 2314 909 2376 apud
935 2313 1104 2362 Lactantium
1131 2312 1194 2361 [nst.
1218 2313 1227 2360 l
1251 2310 1298 2372 16,
1325 2310 1368 2361 1οι
1396 2313 1457 2361 Non

842 2399 952 2461 illepide
977 2398 1077 2448 Seneca
1101 2399 1178 2447 libris
1200 2399 1313 2447 nroralis
1335 2398 1455 2460 plriloso-

839 2485 937 2547 plaiae:
952 2483 1022 2542 Quia
1031 2497 1093 2545 erpo
1106 2489 1158 2545 est,
1171 2484 1275 2545 inquit,
1289 2483 1456 2544 quarcapad

839 2575 932 2630 poetas
949 2569 1133 2617 salacissimus
1145 2567 1255 2629 Jupiter
1266 2567 1377 2616 desierit
1391 2567 1455 2615 iibe-

840 2669 884 2704 ros
908 2654 1019 2703 tollere?
1042 2659 1136 2702 alanna
1154 2652 1350 2714 senupenarius
1368 2651 1456 2714 factrus

840 2747 879 2790 est
901 2746 927 2789 et
944 2741 987 2789 illi
1006 2740 1048 2789 lea
1065 2739 1157 2800 Papia
1176 2738 1288 2801 fibulam
1306 2736 1457 2799 imposuit?

840 2841 877 2875 an
908 2825 1068 2888 impetravit
1100 2825 1143 2872 ias
1174 2825 1260 2871 triana
1286 2823 1456 2871 liberarant?

840 2924 909 2972 quae
927 2909 1060 2971 scripserit
1077 2909 1175 2959 Seneca
1192 2912 1255 2957 ante
1272 2912 1380 2956 senatus
1393 2923 1455 2956 con-

840 2996 942 3044 sultum
967 2993 1146 3043 Claudianum
1163 2994 1266 3043 tactum
1284 3008 1389 3042 necesse
1407 2997 1455 3042 est.

874 3080 1019 3141 obropavit.
1045 3083 1155 3128 senatus
1178 3079 1298 3128 consulto
1317 3083 1347 3126 nt
1365 3077 1455 3140 Ulpia-

841 3180 892 3213 nus
919 3165 1001 3214 docet.
1032 3164 1069 3212 De
1096 3167 1214 3225 tempore
1240 3163 1320 3212 huius
1347 3167 1456 3211 senatus

837 3249 951 3298 consulti
978 3248 1134 3297 Heineccius
1159 3249 1190 3297 ad
1218 3250 1268 3312 leg.
1292 3249 1351 3310 Pap.
1376 3247 1454 3310 Popp.

838 3334 861 3383 11
887 3332 917 3396 2,
947 3332 963 3381 6
995 3332 1171 3394 suspicionem
1202 3333 1265 3381 satis
1294 3332 1455 3394 probabilem

838 3419 960 3486 protulit,
990 3433 1024 3466 sc.
1056 3418 1156 3466 factum
1183 3431 1240 3465 esse
1257 3415 1366 3465 claudio
1390 3431 1454 3465 auc-

837 3509 907 3564 tore,
939 3518 999 3551 curn
1033 3501 1204 3564 Agrippinam
1231 3500 1360 3549 ducturus
1386 3506 1456 3550 essct

838 3589 878 3636 vel
910 3589 988 3650 paulo
1021 3590 1079 3649 post
1112 3584 1311 3633 matrimonium
1343 3584 1453 3648 initum,

838 3673 934 3735 quippe
953 3671 1000 3734 qui
1014 3672 1069 3733 ipse
1081 3685 1163 3733 paene
1176 3670 1453 3732 sexagenarinstalem

838 3756 1054 3806 constitutionem
1072 3756 1126 3818 pati
1146 3770 1198 3804 non
1218 3759 1310 3818 posset.

869 3843 984 3904 papillis
1011 3848 1091 3891 entra
1111 3842 1238 3891 ordinent
1259 3856 1276 3888 a
1294 3840 1452 3889 consulibus.

835 3927 859 3976 si
882 3927 925 3976 cui
950 3928 1041 3976 nulius
1059 3931 1132 3975 tutor
1149 3930 1232 3988 esset,
1257 3925 1281 3973 ei
1299 3926 1356 3987 lege
1374 3924 1455 3972 Atilia

838 4010 943 4074 (incerti
968 4008 1043 4072 anni)
1066 4015 1140 4059 tutor
1163 4010 1277 4058 dabatur
1301 4014 1453 4071 apraetore

840 4096 939 4145 urbano
963 4100 990 4144 et
1013 4094 1110 4143 maiore
1129 4099 1202 4157 parte
1220 4095 1390 4144 tribunorum
1409 4093 1452 4156 (ci.

838 4179 919 4228 Gaius
937 4177 1022 4227 1185.
1053 4178 1110 4240 Ulp.
1129 4177 1164 4226 XI
1181 4176 1240 4241 18),
1258 4183 1285 4227 et
1302 4180 1330 4227 in
1348 4179 1452 4241 provin-

838 4264 883 4313 ciis
913 4264 961 4313 hoc
994 4265 1035 4313 ius
1064 4269 1165 4312 tutores
1191 4263 1368 4312 constituendi
1395 4264 1453 4327 lege

839 4349 907 4397 Iulia
923 4348 992 4398 Titia
1010 4349 1204 4411 provinciarum
1224 4348 1387 4411 praesidibus
1405 4349 1452 4397 da-

839 4437 897 4481 tum
911 4438 975 4482 erat.
994 4432 1121 4482 Claudius
1130 4433 1184 4481 iam
1194 4433 1345 4483 consulibus
1355 4433 1453 4497 edicto,

838 4521 869 4565 ut
892 4518 1009 4581 videtur,
1033 4517 1129 4566 tutoris
1153 4517 1290 4567 dationem
1307 4519 1387 4567 dedit.
1414 4516 1452 4566 Gi.

839 4600 941 4664 Ulpian.
969 4602 1025 4665 Dig.
1043 4600 1089 4664 26,
1113 4600 1141 4664 1,
1165 4601 1195 4664 6,
1213 4600 1242 4650 2:
1261 4604 1359 4651 tutoris
1376 4603 1453 4651 datio

838 4700 888 4748 neq
894 4701 924 4734 ne
933 4686 1044 4747 inaperii
1054 4691 1093 4734 est
1099 4700 1185 4748 nepae
1193 4687 1398 4746 iurisdictionis,
1406 4687 1452 4735 sed

839 4771 863 4818 ei
879 4771 928 4817 soli
938 4772 1076 4833 competit,
1093 4772 1137 4819 cui
1146 4771 1312 4821 neritinatinr
1321 4771 1368 4819 hoc
1376 4771 1453 4819 dedit

837 4854 877 4904 uel
889 4853 933 4903 len
941 4853 982 4902 oei
991 4860 1099 4903 senatus
1108 4855 1260 4903 consultum
1270 4856 1309 4904 vel
1316 4855 1450 4917 princeps.
