3322 5512
925 306 963 371 ts

207 556 213 569 .
304 488 465 591 misitque
490 495 639 591 singulis
664 496 771 592 quina
796 496 887 570 dena
912 496 1089 585 sestertia,
1116 497 1247 593 primus
1270 497 1463 571 Caesarum
1480 492 1585 573 fidem

305 621 424 694 militis
450 620 555 694 etiam
580 621 735 717 praemio
761 621 973 717 pigneratus,

352 747 416 818 XI.
475 746 625 841 Imperio
667 746 837 839 stabilito,
888 747 971 818 nihil
1016 747 1193 841 antiquius
1237 747 1354 841 duxit,
1398 772 1504 844 quam
1548 750 1584 822 id

304 872 465 964 biduum,
499 894 567 965 quo
602 870 646 943 de
680 871 846 944 mutando
880 871 1091 967 reipublicae
1127 881 1220 946 statu
1254 873 1465 947 haesitatum
1492 885 1586 967 erat,

270 1079 273 1084 ,
304 996 490 1069 memoriae
516 996 676 1069 eximere.
704 995 867 1068 Omnium
895 997 1013 1091 itaque
1038 1000 1209 1071 factorum
1233 998 1474 1092 dictorumque
1491 999 1526 1071 in
1546 1023 1586 1072 eo

305 1122 442 1195 veniam
470 1129 504 1194 et
529 1120 739 1194 oblivionem
764 1121 799 1192 in
826 1130 1032 1217 perpetuum
1059 1123 1176 1196 sanxit
1202 1146 1244 1195 ao
1262 1122 1451 1219 praestitit,
1477 1124 1586 1197 tribu-

343 1320 457 1395 Josepn.
490 1321 559 1378 Αιτό.
592 1319 656 1378 Iud.
689 1320 771 1378 XIX
797 1322 832 1393 l,
867 1323 902 1394 2,
938 1322 1007 1378 247.
1051 1319 1201 1388 Κλαύδιος
1232 1319 1265 1382 δὲ
1296 1319 1337 1397 τῷ
1363 1320 1482 1399 στρατῷ
1509 1333 1584 1382 συλ-

305 1423 455 1505 λεχθέντι
491 1424 645 1501 διελέγετο
683 1421 781 1505 όρασνς
812 1424 984 1503 λαμβιίναν
1017 1420 1035 1498 ἦ
1066 1428 1126 1502 μην
1160 1427 1299 1503 ἐμμενεῖν
1325 1424 1426 1490 πίστει
1450 1435 1487 1506 τῇ
1514 1426 1587 1506 πρὸς

304 1532 412 1606 αὐτόν,
436 1533 487 1597 καί
508 1532 642 1612 δωρεῖται
659 1533 727 1603 τοὺς
744 1533 1019 1613 σωματοφύλακας
1037 1531 1306 1612 πεντακισχιλίαις
1323 1532 1485 1612 δραχμαῖς
1501 1531 1587 1595 κατόν

304 1635 431 1704 ἕκαστον
455 1639 568 1718 ἄνδρα,
600 1647 661 1708 τοῖς
685 1662 719 1702 τε
743 1637 888 1715 ἡγεμόσιν
912 1639 1010 1702 αὐτῶν
1035 1637 1189 1714 οὶνιίλιγσν
1214 1644 1265 1703 τοῦ
1289 1636 1423 1717 αριθμοῦ
1448 1635 1499 1700 καί
1526 1644 1586 1708 τοῖς

305 1744 370 1811 όπσι
394 1746 469 1809 ποτὲ
494 1744 709 1826 στρατοπέδοις
733 1747 913 1825 ὑπισχνεῖτο
938 1745 978 1808 τόν
1003 1741 1101 1821 δ’,ασια

348 1856 409 1913 Tac.
431 1856 511 1912 Aac.
541 1852 606 1910 XII
636 1856 682 1911 69.
725 1852 871 1928 promisso
897 1852 1036 1911 donativo
1057 1853 1095 1910 ad
1116 1853 1288 1929 exemplum
1310 1859 1451 1930 paternae
1472 1853 1587 1928 largiti·

305 1963 382 2035 onis,
403 1963 565 2037 imperator
586 1960 687 2031 (Nero)
710 1960 863 2018 salutatur.

344 2242 403 2300 Dio
427 2243 481 2313 60,
506 2241 541 2312 3,
565 2242 592 2297 5.
635 2245 694 2307 τοῖς
730 2260 768 2313 γε
802 2239 862 2313 μην
899 2235 1024 2311 σίλλοις,
1061 2233 1085 2301 oi
1118 2240 1172 2313 την
1205 2240 1410 2320 δημοκρατίαν
1444 2241 1587 2323 ἐκφανῶς

304 2348 515 2419 ἐσπούδασαν,
547 2344 563 2418 ἢ
593 2345 645 2407 καί
681 2344 816 2426 ἐπίδοξοι
848 2342 1007 2423 λήψεσθαι
1039 2345 1072 2409 τό
1103 2344 1213 2425 κρότος
1243 2346 1398 2423 ἐγένοντο,
1431 2349 1490 2427 οὐχ
1522 2343 1587 2411 όσσν

304 2456 355 2517 σόα
377 2452 632 2529 ε’μνησικιίκησεν,
657 2450 745 2514 ιὶλλόι
769 2451 821 2514 καί
845 2450 939 2527 τιμίας
963 2452 1015 2515 καί
1039 2450 1143 2531 όόρχας
1160 2451 1285 2517 ἔδακεν·
1310 2453 1504 2528 ἐκδηλότατα
1525 2453 1587 2533 γαρ

304 2562 355 2624 καί
388 2561 417 2622 ἑν
443 2567 502 2622 τοῖς
527 2558 649 2623 πόντων
675 2558 799 2621 πώποτε
824 2559 855 2621 οὐ
879 2559 919 2636 τῷ
945 2558 1026 2636 λόγῳ
1052 2559 1140 2635 μόνον
1165 2561 1220 2632 την
1246 2560 1349 2625 όίδειιίν
1375 2568 1479 2642 σφισι,
1503 2561 1588 2625 κατόν

304 2667 352 2730 τόν
366 2669 422 2730 τῶν
436 2663 608 2738 Ἀθηναίων
623 2668 731 2748 ζῆλον,
752 2666 788 2734 ὡς
802 2663 919 2741 ἔλεγεν,
935 2664 1108 2744 ὑπέσχετο,
1125 2664 1213 2729 ιίλλόι
1226 2667 1277 2730 καί
1290 2668 1330 2746 τῷ
1344 2666 1420 2747 ἔργῳ
1435 2666 1587 2747 παρέσχε.

350 2774 476 2833 Orosius
503 2772 559 2830 VII
589 2776 622 2845 (l,
652 2774 680 2829 l.
723 2771 867 2830 Claudius
899 2791 968 2831 mox
997 2781 1032 2831 nt
1061 2775 1248 2832 confirmavit
1274 2774 1449 2851 imperinm,
1480 2794 1587 2850 magna

304 2889 393 2958 atque
414 2881 512 2938 adhuc
532 2879 643 2936 Romae
663 2877 814 2953 incognita
835 2879 1100 2951 usnsolementia,
1121 2899 1159 2939 ne
1179 2881 1210 2938 in
1224 2887 1335 2939 tantam
1351 2882 1495 2940 nobilimn
1510 2883 1587 2941 mul-

304 2987 463 3048 titudinem
479 2987 567 3059 ultio,
590 2986 614 3044 si
630 2992 710 3045 essct
724 2969 843 3061 coepta,
865 2987 1007 3059 saeviret,
1022 2987 1146 3046 biduum
1160 2988 1252 3061 illud,
1267 3007 1326 3065 quo
1341 2989 1378 3047 de
1392 2989 1435 3047 rei
1450 2988 1588 3065 publicae

305 3102 383 3156 statu
411 3093 571 3152 infeliciter
598 3093 799 3150 consultatum
820 3098 980 3168 actumque
1000 3095 1098 3152 fuerat
1120 3095 1279 3154 memoriae
1301 3096 1429 3168 exemit,
1451 3095 1585 3154 omnium

303 3207 448 3262 factorum
470 3200 656 3258 dictorumve
676 3199 708 3256 in
729 3217 763 3258 eo
785 3199 902 3257 veniam
923 3206 954 3258 et
974 3200 1153 3259 oblivionem
1173 3202 1204 3258 in
1225 3209 1404 3277 perpetuum
1427 3203 1528 3260 sanxit
1547 3237 1586 3245 -

304 3313 380 3370 hanc
401 3309 559 3381 Claudius,
588 3307 724 3383 quamvis
746 3306 839 3364 multo
861 3307 1074 3366 truculentiore
1095 3326 1185 3367 eausa
1206 3309 1237 3366 in
1258 3309 1381 3368 caedem
1401 3309 1586 3385 conspirato·

304 3437 371 3476 rum
393 3415 611 3487 stimularetur,
632 3414 767 3471 ultronea
788 3413 945 3471 clementia
966 3414 1049 3471 nullo
1071 3420 1232 3490 expetente
1253 3415 1391 3473 firmavit.

305 3642 389 3704 dedit,
416 3656 477 3690 nam
503 3641 624 3689 Tiberius
649 3654 756 3702 quoqne
782 3645 810 3688 et
835 3638 915 3688 Gaius
1003 3642 1199 3703 dictorumque.
1225 3642 1262 3690 ita
1287 3655 1378 3689 omnes
1401 3641 1502 3690 codices
1519 3641 1585 3692 Sne-

304 3727 398 3789 legatis
415 3742 445 3774 ex
464 3729 624 3774 testamento
642 3725 713 3787 eius,
731 3726 773 3773 cui
792 3725 915 3774 strceede·

276 3825 279 3829 ’
304 3812 382 3873 bant,
401 3811 553 3859 donatiuum
573 3810 744 3871 addiderunt3
763 3811 794 3858 cl.
814 3810 861 3857 Dio
877 3809 916 3871 57,

304 3894 328 3958 3,
345 3893 369 3945 3.
388 3894 411 3957 ss,
423 3895 452 3957 43
471 3893 511 3958 un,
523 3893 547 3952 2,
557 3893 569 3941 l
581 3910 586 3942 :
604 3889 648 3948 τάς
659 3910 684 3940 τε
694 3889 917 3955 καταλειφθείσας

305 3976 379 4042 σφίσι
398 3977 461 4040 (τοῖς
479 3975 651 4041 δορυφόροις)
669 3974 737 4026 κατὰ
754 3974 916 4041 πεντήκοντα

305 4059 350 4113 καί
368 4060 505 4117 διακοσίας
522 4058 643 4125 δραχμὰς
653 4059 764 4125 διένειμε
773 4059 819 4111 καὶ
828 4058 917 4125 ἑτέρας

305 4145 430 4202 τοσαύτας
453 4143 651 4210 προσεαέδωκε.
676 4146 804 4196 Claudius
826 4153 917 4196 tamen

306 4233 405 4295 primus
436 4232 501 4293 fuit,
534 4233 580 4294 qui
612 4233 701 4280 statim
735 4238 876 4295 postquam
903 4247 918 4280 a

306 4317 436 4365 militibus
458 4317 600 4380 imperium
625 4318 737 4380 accepit,
762 4318 917 4366 donativum

305 4402 337 4450 iis
368 4402 453 4463 dedit,
487 4402 555 4464 quod
589 4404 740 4464 exemplum
773 4407 830 4464 post
855 4417 916 4450 enm

307 4493 411 4549 praeter
434 4486 544 4536 Galbam
570 4486 630 4548 (nio
655 4486 701 4552 sl,
724 4485 754 4548 3,
777 4485 804 4547 3)
826 4502 918 4535 omnes

306 4573 390 4621 secuti
408 4576 479 4620 sunt.

339 4656 459 4718 lnrperio
487 4657 611 4705 stabilito.
644 4660 784 4718 postquem
810 4658 918 4703 senatus

305 4755 412 4802 quoqne
430 4755 492 4788 eum
510 4741 694 4802 imperatorem
713 4740 866 4803 appellavit,
891 4745 919 4788 et

306 4826 332 4873 in
351 4831 444 4874 senatu
464 4828 504 4874 lex
524 4826 556 4872 de
574 4826 682 4888 imperio
701 4827 866 4888 perlataest.

971 3726 1043 3774 tonii.
1053 3724 1160 3774 Codices
1170 3723 1253 3774 Orosii
1263 3730 1353 3774 tamen
1363 3723 1481 3788 (praeter
1490 3742 1586 3790 unum,

971 3827 1024 3859 non
1048 3825 1161 3873 magnae
1185 3811 1350 3860 auctoritatis
1386 3813 1477 3861 littera
1494 3812 1519 3860 N
1538 3827 1585 3861 no-

971 3901 1059 3945 tatum
1078 3896 1146 3958 apud
1166 3895 1373 3958 Zangemeister,
1391 3896 1585 3958 quidictorum

972 3996 1005 4043 q:
1023 3997 1053 4030 ve
1071 3980 1189 4043 praebet)
1210 3996 1237 4029 oe
1255 3981 1333 4044 dant,
1351 3984 1379 4029 et
1396 3979 1505 4029 Orosius
1525 3980 1586 4029 boni

971 4063 1065 4114 codicis
1082 4067 1167 4114 instar
1183 4070 1230 4114 est.
1256 4065 1425 4127 Quamquam
1443 4069 1471 4113 et
1489 4070 1587 4127 quaet

971 4166 1001 4199 ne
1011 4151 1123 4200 hocloco
1133 4156 1203 4199 recte
1213 4149 1291 4199 scribi
1303 4154 1386 4212 potest
1396 4187 1401 4212 ,
1416 4163 1468 4211 que
1477 4149 1585 4212 retinui,

972 4235 1072 4283 codices
1089 4234 1210 4283 Suetonii
1227 4238 1341 4283 secutus.

1005 4320 1112 4368 oculoru
1131 4324 1155 4366 el
1174 4319 1340 4367 oblivionem.
1365 4320 1484 4381 exemplo
1504 4318 1586 4368 Athe·

972 4405 1104 4453 niensium
1118 4400 1152 4465 (a.
1170 4401 1229 4465 403)
1245 4408 1275 4451 nt
1286 4402 1341 4465 ipse
1354 4401 1481 4451 Claudius
1497 4403 1585 4452 dicere

972 4488 1085 4550 solebat,
1103 4488 1135 4536 cf.
1154 4488 1201 4535 Dio
1219 4487 1260 4550 ub,
1277 4485 1302 4550 3,
1319 4487 1341 4534 5.

1008 4572 1180 4621 Tribunis-ur
1216 4571 1425 4620 centurionibus.
1478 4572 1586 4620 Praeter

972 4655 1132 4718 Chaeream,
1158 4671 1238 4718 (ruem
1261 4655 1308 4704 Dio
1334 4652 1384 4717 (60,
1408 4653 1432 4718 3,
1454 4652 1481 4716 l)
1499 4657 1585 4704 solum

972 4740 1105 4800 nominat,
1143 4739 1272 4801 losephus
1305 4737 1377 4799 (Ant.
1404 4739 1459 4788 lud.
1487 4739 1546 4788 xlx
1573 4737 1585 4800 ἓ

971 4821 1032 4885 269)
1064 4824 1162 4872 lulium
1195 4824 1299 4886 Lupum
1330 4824 1502 4874 interfectum
1529 4839 1585 4872 csse
